3118 4914
232 517 370 582 stituerit
400 514 619 598 Aristoteles,
646 523 694 580 ut>
709 519 860 578 accurate
883 509 1090 592 dispiciatur,
1125 509 1227 574 verba
1257 509 1329 573 ciue

235 624 442 688 transcribam
464 625 608 706 integrat

319 735 342 794 1.
363 719 458 810 Ἡμῖν
478 724 516 791 δὲ
535 723 666 816 πρῶτον
686 722 747 808 μὲν
768 712 1073 812 διαιρετέονπόσαι
1093 717 1252 808 διαφοραί
1269 717 1335 784 τῶν

235 831 425 912 πολιτειῶν,
455 830 550 919 είπερ
581 823 668 896 ἔστιν
696 829 769 918 είδη
797 825 935 896 πλείονα
962 825 1021 915 τῆς
1050 849 1088 892 τε
1110 822 1332 914 δημοκρατίας

236 939 290 1006 καί
309 940 368 1028 τῆς
388 933 577 1028 ὀλιγαρχίας
598 944 654 1018 (cf.
677 947 723 1018 e.)

317 1049 348 1110 ΙΙ.
363 1037 498 1112 Ἔπειτα
526 1041 578 1120 τίς
598 1034 766 1132 κοινοτάτη
794 1043 849 1111 καί
877 1042 929 1122 τίς
947 1034 1151 1132 αἱρετωτάτη
1171 1033 1256 1125 μετά
1275 1032 1334 1127 την

236 1145 371 1242 άρίστην
391 1151 571 1238 πολιτείαν,
592 1144 653 1217 κάν
674 1151 706 1218 εί
725 1176 776 1230 τις
796 1145 878 1240 άλλη
892 1141 1064 1238 τετύχηκεν
1079 1139 1330 1240 ὀριστοκρατικη

237 1261 292 1328 καλ
321 1260 506 1330 συνεστῶσα
532 1260 647 1338 καλῶς·
670 1265 729 1343 (ci.
753 1267 799 1338 b.)
820 1253 904 1328 άλλά
925 1265 999 1338 ταῖς
1016 1257 1188 1336 πλείσταις
1207 1251 1333 1348 άρμότ-

238 1389 342 1436 τονσα
362 1370 480 1438 πολέσι
508 1367 559 1448 τίς
579 1367 674 1436 ἐστιν.
698 1373 758 1446 (cf.
781 1372 841 1452 d.).

326 1481 372 1544 ill.
386 1469 531 1544 Ἔπειτα
551 1475 605 1542 καί
626 1476 690 1542 τῶν
716 1467 823 1542 άλλων
843 1472 895 1552 τίς
915 1473 1000 1542 τίσιν
1020 1465 1145 1564 αἱρετή·
1163 1462 1248 1554 τάχα
1275 1465 1336 1559 γάρ

238 1589 308 1663 τοῖς
331 1585 391 1670 μὲν
416 1578 572 1672 άναγκαία
598 1583 802 1674 δημοκρατία
822 1582 945 1670 μάλλον
965 1575 1173 1672 ὀλιγαρχίας,
1204 1581 1275 1656 τοῖς
1307 1578 1336 1648 δ’,

239 1685 322 1780 αὕτη
342 1692 466 1776 μᾶλλον
484 1689 608 1780 ἐκείνης
629 1696 686 1771 (ci.
708 1697 737 1760 b.
759 1700 813 1771 c).

320 1805 374 1866 lV.
401 1791 502 1865 Μετά
529 1798 566 1865 δὲ
593 1798 695 1864 ταῦτα
725 1795 798 1864 τίνα
826 1788 949 1886 τρόπον
976 1797 1030 1862 δεῖ
1055 1787 1254 1862 καθιστάναι
1280 1787 1337 1862 τόν

242 1897 439 1991 βουλόμενον
459 1899 581 1986 ταάτας
601 1900 661 1986 τάς
680 1904 869 1988 πολιτείας,
900 1904 983 1992 λέγω
1004 1903 1041 1972 δὲ
1061 1902 1281 1994 δημοκρατίας
1300 1926 1338 1969 τε

241 2015 319 2076 καθ’
343 2009 478 2078 ἕκαστον
499 2003 588 2089 εἶδος
608 2011 663 2077 καὶ
685 2003 785 2078 πάλιν
806 2005 995 2100 ὀλιγαρχίας
1014 2015 1070 2090 (ci.
1093 2018 1145 2088 c).

322 2124 363 2190 V.
391 2118 491 2196 Τέλος
512 2117 567 2200 δέ,
588 2109 718 2184 πάντων
737 2111 860 2184 τούτων
881 2111 960 2184 ὅταν
981 2109 1202 2206 ποιησώμεθα
1222 2109 1337 2186 συντά-

240 2250 312 2311 μως
332 2218 611 2316 τήνένδεχομὲνην
628 2225 753 2312 μνείαν,
775 2224 949 2315 πειρατέον
969 2223 1128 2292 ἐπελθεῖν
1137 2225 1224 2305 τίνες
1244 2231 1339 2316 φθο-

243 2333 300 2422 ραί
320 2333 375 2400 καί
397 2333 483 2412 τίνες
502 2332 662 2422 σωτηρίαι
681 2333 745 2398 τῶν
777 2333 952 2400 πολιτειῶν
982 2333 1037 2400 καὶ
1057 2335 1148 2423 κοινῇ
1167 2334 1222 2400 καὶ
1239 2333 1340 2420 χωρίς

241 2430 393 2530 ἑκάστης,
414 2439 469 2505 καί
496 2433 552 2506 διά
577 2437 667 2516 τίνας
694 2435 803 2518 αἰτίας
822 2440 926 2506 ταῦτα
945 2430 1088 2524 μάλιστα
1107 2439 1260 2525 γίνεσθαι
1280 2443 1341 2510 πί-

240 2572 342 2638 φυκεν
364 2554 420 2630 (ef.
442 2554 471 2616 b.
492 2571 519 2618 c.
532 2544 569 2621 ιλ
592 2573 621 2616 ε.
640 2554 692 2634 λ).

325 2659 590 2746 Quinquepertita
629 2669 680 2724 est
713 2661 809 2746 igitur
850 2661 946 2724 trium
981 2661 1131 2724 librorum
1165 2659 1340 2744 dispositio.

242 2767 346 2842 vuum
364 2769 394 2828 si
416 2787 600 2850 sequemur,
624 2785 644 2830 a
666 2768 802 2832 veritate
819 2767 969 2832 aberrare
990 2759 1246 2848 conpoterimus.
1271 2769 1340 2830 iam

240 2873 451 2954 explicandus
472 2883 523 2938 est
544 2877 636 2938 locus

261 3145 374 3224 Πόσαν
394 3156 554 3247 διαφοραί
574 3157 638 3224 τῶν
661 3159 836 3227 πολιτειῶν
858 3163 954 3254 εἴπερ
978 3155 1064 3229 ἔστιν
1095 3163 1168 3251 εἲδη
1190 3153 1327 3228 πλείονα

261 3265 320 3356 τῆς
340 3287 377 3331 τε
400 3263 625 3354 δημοκρατίας
643 3264 698 3331 καί
715 3267 774 3354 τῆς
794 3260 982 3360 ὀλιγαρχίας
1005 3276 1090 3348 (Ροί.
1113 3275 1165 3338 tv.
1189 3271 1313 3354 3-7.).

681 3487 683 3490 ,
738 3409 767 3478 r.
794 3405 845 3470 ae.

324 3539 465 3602 Primum
497 3537 693 3600 Aristoteles
721 3536 875 3620 indagare
900 3537 1028 3620 studet,
1064 3557 1119 3602 cur
1149 3539 1213 3602 aiut
1236 3539 1344 3621 plures

240 3648 539 3728 rerumpublicarum
590 3644 718 3728 species
774 3655 807 3710 et
857 3645 1015 3710 diversae.
1080 3647 1173 3727 Quae
1219 3647 1345 3729 quidem

168 3796 174 3815 s
241 3771 342 3818 causa
361 3756 392 3818 in
423 3773 467 3816 ec
493 3753 648 3836 cernitur,
680 3753 767 3836 qued
802 3755 919 3818 civitas
949 3756 1064 3818 multas
1091 3756 1188 3819 babet
1225 3767 1346 3838 partes,

242 3885 374 3948 quarum
416 3868 478 3931 alia
518 3868 588 3929 aliia
609 3871 725 3948 potest·
754 3864 948 3928 antecedere
991 3875 1023 3930 et
1065 3867 1239 3948 imperare,
1280 3884 1343 3926 ne-

243 3995 305 4058 que
337 3977 437 4038 omnir
460 3976 602 4040 easdem.
673 3975 782 4056 Quare
813 3984 860 4040 tut
886 3975 1184 4056 rerumpublicarum
1207 3974 1346 4054 species,

243 4090 319 4168 quet
358 4068 470 4160 τάξεις
513 4075 595 4146 κατά
635 4071 696 4158 τάς
728 4071 896 4168 ὑπεροχάς
938 4077 993 4144 καί
1034 4069 1117 4144 κατά
1158 4069 1220 4154 τάς
1269 4075 1346 4140 δια-

243 4181 352 4278 φοράς
375 4187 439 4254 τῶν
459 4183 591 4278 μορίων.
635 4194 802 4278 Plerisque
823 4199 932 4256 autam
954 4207 1029 4256 esse
1059 4191 1123 4254 duc
1150 4189 1349 4272 potissimum
