3118 4914
675 359 883 421 -gr..

220 583 315 646 quum
336 562 447 625 eadem
467 565 522 642 sit,
545 553 772 622 beatitudiuem
797 554 890 618 etiam
914 551 1014 614 totius
1036 545 1175 612 civitatis
1196 555 1229 608 ct
1249 547 1319 608 siu-

219 673 284 757 guli
309 671 444 733 hominis
466 667 601 730 eandem
626 684 700 728 esso
722 679 859 724 necesso
881 668 940 724 est.

302 777 363 840 ttts
385 774 511 860 quidem
534 773 706 855 expositis,
738 767 945 852 philosophus
972 773 1079 829 tamon
1108 759 1149 824 ad
1169 760 1320 842 proposi-

221 898 288 950 tum
319 883 475 952 accedere
505 881 640 944 nondum
670 886 787 961 potest.
844 878 967 958 Magna
997 874 1078 936 enim
1108 865 1321 952 persolvenda

219 993 365 1076 quaestio
388 999 452 1055 esta
487 999 588 1053 utrum
619 988 687 1048 vita
708 983 920 1067 praestantior
941 989 975 1043 et
995 977 1165 1062 optabilior
1195 977 1238 1037 sit
1258 993 1321 1056 pu-

219 1103 302 1166 biioa
315 1123 356 1166 au
378 1101 504 1184 privata
527 1082 687 1179 (πότερος
707 1077 924 1176 αἱρετώτερος
944 1083 1016 1170 βίος
1039 1077 1058 1150 ὁ
1079 1075 1134 1148 diui
1154 1081 1213 1146 τοῦ
1235 1100 1320 1163 σομ-

218 1199 457 1274 πολιτεύεσθαι
485 1202 539 1269 ιιαὶ
562 1203 723 1268 κοινωνεῖν
745 1187 873 1272 πόλεως
893 1189 916 1282 ἢ
935 1193 1058 1277 μᾶλλον
1079 1183 1098 1256 ὁ
1119 1183 1243 1272 ξενικὸς
1265 1185 1320 1252 καλ

218 1313 277 1403 τῆς
298 1311 468 1400 πολιτικῆς
488 1307 654 1385 κοινωνίας
675 1300 943 1386 ἀπολελυμένος).
988 1307 1047 1369 Est
1069 1312 1176 1366 autem
1199 1301 1237 1364 de
1260 1300 1322 1364 hac

218 1438 253 1489 ro
276 1427 410 1507 copiosa
430 1421 621 1504 disputatio,
652 1413 714 1500 qua
738 1416 863 1500 quidem
885 1415 960 1477 nihii
992 1411 1076 1493 apud
1107 1413 1203 1474 ulium
1235 1409 1320 1472 scri-

219 1541 341 1616 ptor'em
365 1530 526 1609 subtilius,
550 1528 623 1590 nihil
645 1527 841 1608 praeclarius
864 1523 949 1596 (Pol.
965 1510 1040 1584 vu.
1063 1519 1092 1581 2.
1114 1519 1145 1583 3.
1166 1519 1223 1594 4.).

745 1761 784 1822 Α.

396 1898 515 1962 Optimo
532 1895 701 1962 respublica
719 1895 859 1962 quomodo
878 1893 988 1944 nutord
1005 1893 1145 1960 pipnctur
1229 1919 1232 1926 «

220 1987 247 2058 (ἦ
263 1993 423 2044 πολιτεία
439 1987 453 2054 ἦ
470 1985 580 2057 α’ρίστη
597 1991 672 2037 τινα
688 1991 807 2050 πέφυκε
824 1989 981 2053 γίνεσθαι
998 1981 1250 2048 τρόπονΡοΙ.ΠΙ.
1264 1981 1320 2046 18.)

351 2095 377 2131 v·
397 2081 431 2131 tie
449 2081 509 2130 eius
527 2078 740 2133 conditionibus
757 2073 983 2138 (ὑποθέσεσι,
1007 2077 1187 2142 χορηγίᾳ).

719 2237 750 2305 b.
770 2232 820 2298 46.
935 2288 938 2292 ,

303 2375 382 2440 Sine
402 2376 498 2439 rebus
521 2379 714 2442 necessariis
738 2371 906 2464 (χορηγίᾳ)
938 2375 1091 2442 virtutem
1122 2376 1228 2438 coiere
1260 2389 1320 2436 uec

218 2483 334 2566 singuli
364 2483 508 2549 homines
536 2493 671 2565 possunt
699 2503 760 2548 uec
787 2495 853 2550 tota
882 2485 1007 2554 civitas.
1059 2485 1187 2566 Optima
1211 2491 1318 2546 autom

218 2592 398 2673 respublica
426 2591 566 2674 gerendo
591 2602 625 2654 et
654 2591 860 2674 gubernanda
884 2601 935 2654 est
958 2591 1135 2654 secuudum
1156 2591 1318 2651 virtutem.

220 2697 328 2774 Quare
350 2697 437 2778 prius
459 2695 500 2758 do
522 2697 619 2758 rebus
640 2697 833 2758 necessariis
855 2714 883 2757 s.
905 2695 947 2758 dc
969 2693 1202 2758 conditionibus
1218 2681 1319 2767 (cirro-

218 2798 354 2878 θέσεσι)
387 2803 553 2866 dicendum
589 2813 661 2886 cst,
708 2821 789 2888 quas
822 2804 936 2867 uaturb
968 2803 1163 2886 suppeditari
1195 2811 1320 2888 oportet

220 2917 361 2996 optimae
390 2915 526 2998 civitati,
557 2935 651 2998 quam
672 2917 706 2979 ei
727 2917 801 2999 quid
822 2917 985 3000 legistator
1006 2915 1169 2998 impertire
1191 2916 1319 2997 debeat,

221 3026 330 3107 quaeri
352 3025 464 3107 possit.
508 3025 629 3090 Omnes
652 3017 751 3110 igitur
772 3045 826 3090 res
847 3027 1009 3090 naturales
1033 3025 1199 3106 describit,
1230 3023 1270 3088 ac
1291 3021 1320 3087 si

221 3135 306 3216 optio
323 3131 398 3196 data
411 3134 469 3213 sit3
490 3137 536 3196 itu
555 3141 675 3215 tamen,
699 3147 734 3196 ut
755 3135 832 3196 nihil
853 3135 894 3196 sit
917 3121 1084 3197 ἀδύνατον.
1109 3133 1338 3212 Continentur

220 3251 326 3306 autem
348 3261 408 3304 cac
429 3249 576 3324 quattuor
597 3243 797 3324 potissimum
820 3243 900 3304 locis
925 3251 959 3305 et
981 3244 1073 3325 quasi
1095 3241 1244 3306 sedibus:

303 3351 327 3414 Ι.
347 3357 380 3412 ot
400 3350 440 3409 li.
463 3347 622 3411 homiuum
637 3358 751 3413 coetus
770 3359 908 3434 quantus
924 3348 963 3412 od
979 3349 1128 3432 optimam
1144 3347 1318 3430 rempubli-

221 3474 291 3518 cam
313 3455 564 3520 ooustituoudom
587 3459 791 3522 necessarius
813 3460 855 3520 sit
878 3468 910 3521 ot
932 3460 1053 3540 quatis3

305 3566 361 3627 ili.
383 3575 416 3628 et
438 3565 497 3628 tv.
519 3567 619 3649 qualis
642 3576 676 3629 et
698 3575 817 3649 quanta
838 3568 1024 3630 necessaria
1045 3571 1087 3629 sit
1108 3573 1212 3646 terra,
1234 3581 1317 3647 quac

221 3673 262 3735 ab
285 3675 421 3755 optimae
443 3672 635 3754 reipublicae
656 3675 782 3737 civibus
805 3675 970 3738 incolatur.

304 3782 444 3844 Primum
465 3783 563 3864 igitur
582 3783 697 3845 civium
717 3799 867 3844 numerus
888 3781 1003 3844 talibus
1031 3777 1150 3843 tinibus
1178 3781 1319 3843 circum·

222 3889 387 3970 scribitur,
420 3897 454 3952 ut
481 3895 620 3972 optimae
641 3891 763 3956 civitati
785 3893 912 3976 quinam
936 3891 980 3956 sit
1003 3891 1106 3952 iustus
1135 3887 1318 3970 definiatur,

223 3998 347 4079 quinum
368 3999 496 4079 nimius,
519 3999 644 4081 quinam
666 4003 751 4062 iusto
773 3999 884 4064 minor.
932 3998 1055 4064 Deinde
1085 3999 1125 4064 de
1153 4008 1258 4064 terroe
1279 4014 1319 4059 oo

192 4187 199 4203 Ι
221 4110 365 4192 regionis
386 4108 516 4174 disserit
540 4108 777 4194 magnitudine,
804 4121 939 4193 natura,
971 4113 1223 4194 opportunitate3
1247 4115 1322 4192 post

222 4217 396 4299 oapiteVi.
419 4215 460 4280 do
482 4220 589 4298 optimi
611 4218 715 4302 oppidi
738 4219 802 4284 situ
823 4219 864 4283 ad
887 4239 985 4301 maro,
1009 4217 1049 4282 dc
1071 4219 1236 4302 portubus,
1260 4233 1321 4281 oo·
