3124 4918
221 486 427 556 Politidordar
447 488 491 556 ait
518 487 747 570 prinoipem).
788 485 884 566 uuor
905 505 1086 572 quaequam
1108 507 1220 556 verum
1249 495 1318 555 aaa:

223 613 319 676 quum
350 595 432 658 satis
456 604 573 662 ,umen
606 611 764 678 wperqru
794 603 828 660 et
862 615 906 664 ox
942 594 1130 662 dtbtoorunr
1167 595 1258 668 initio
1286 602 1321 663 at

197 719 267 764 ax
295 708 362 764 toto
397 701 467 762 libri
494 700 536 764 X.
565 700 670 782 eapite
705 702 748 764 X.
784 707 957 782 appareat,
990 719 1053 762 non
1087 699 1195 762 dubito
1225 700 1319 764 aliam

222 826 375 891 quaerere
408 826 550 872 eausam.
601 808 704 888 Quam
744 809 826 872 arim
855 807 896 872 ad
928 827 994 870 rem
1024 807 1211 890 scriptoram
1247 818 1319 872 sta·

138 975 146 982 .
222 919 279 978 tim
294 916 494 978 transiturum
517 933 592 978 esse
615 915 868 999 exspectemus?
896 915 958 996 Qui
979 935 1084 1000 nequa
1105 915 1240 979 Politioa
1260 935 1321 980 ua·

221 1040 285 1104 quo
307 1023 375 1083 eius
398 1039 438 1084 ex
468 1021 563 1100 ,tibris
602 1013 695 1086 aliurn
717 1041 854 1106 uuquam
885 1024 1013 1104 legaritt
1048 1021 1167 1085 »Certe
1188 1020 1229 1084 ad
1255 1021 1319 1104 ida,

221 1129 363 1211 inquiet,
397 1129 502 1212 nquod
530 1129 630 1210 primo
652 1131 723 1195 ioeo
745 1134 863 1214 posuit,
884 1129 927 1196 ad
948 1130 1199 1216 disquirendum,
1220 1149 1316 1196 uum-

220 1235 294 1318 quid
316 1255 337 1299 a
357 1236 512 1318 prioribus
533 1244 623 1304 reato
643 1238 687 1300 sit
707 1237 856 1304 dietum
916 1242 961 1304 At
983 1238 1045 1306 bae
1066 1238 1096 1306 in
1118 1239 1222 1320 requi
1242 1238 1320 1300 Ari-

222 1346 351 1406 stotelis
384 1345 581 1426 exploratam
615 1343 713 1408 babet
743 1343 1020 1426 consuetudinem,
1050 1349 1177 1414 etiamsi
1205 1347 1229 1408 Ι.
1252 1345 1321 1410 Pol.

221 1452 333 1515 librum
359 1469 519 1534 nunquam
532 1452 719 1534 inspexerit,
742 1455 770 1516 is
792 1453 875 1520 idern
897 1471 971 1520 oum
993 1455 1049 1520 illo
1069 1472 1107 1520 so
1129 1461 1320 1536 axapeotara

220 1561 361 1644 negabit.
396 1561 490 1626 Solet
511 1563 594 1625 enim
616 1563 753 1628 omnium
775 1563 844 1628 iera
868 1563 1112 1644 disputationum
1134 1564 1178 1630 ita
1199 1562 1320 1628 initium

220 1687 352 1751 ponera,
375 1677 411 1732 ut
431 1667 473 1732 da
494 1669 558 1745 aia,
591 1687 674 1753 quaa
694 1670 754 1733 sibi
774 1671 939 1752 proposita
955 1689 1032 1736 esse
1053 1671 1144 1754 dixit,
1163 1690 1226 1736 uon
1245 1680 1317 1734 sta·

219 1777 276 1838 tim
298 1787 448 1859 quaerat,
481 1775 539 1840 sed
561 1784 595 1839 ut
617 1777 657 1842 ab
678 1777 740 1842 alia
761 1795 796 1840 re
817 1779 946 1860 iooipiat
967 1799 1030 1850 non
1051 1781 1168 1862 inepta
1213 1778 1320 1858 Quam

219 1886 317 1970 igitur
336 1887 368 1948 in
398 1883 667 1968 disputationibus
689 1887 789 1949 tonuit
811 1886 1083 1963 consuetudinem,
1103 1887 1143 1948 ab
1165 1905 1206 1952 oa
1227 1892 1316 1948 oarte

217 2017 281 2061 uon
296 2013 487 2060 rooessurus
508 2005 569 2076 ost,
592 2013 687 2076 quum
706 1995 838 2056 atterius
860 1993 1061 2060 Politioorunr
1082 1994 1182 2075 partis
1200 1991 1319 2056 initium

218 2114 271 2168 est
292 2105 444 2167 fauturus.
470 2104 525 2164 Na
538 2110 644 2164 tamon
656 2101 731 2183 quid
746 2101 918 2170 lectoribus
931 2100 1039 2169 veniat
1050 2101 1315 2182 inexspootatuor,

218 2229 281 2276 non
303 2209 345 2272 ab
365 2209 503 2274 iodioata
523 2227 557 2271 re
578 2207 639 2272 sad
660 2209 699 2272 ab
717 2207 779 2279 aiio
796 2209 917 2272 initiam
938 2217 1191 2292 assumpturum
1213 2205 1320 2290 signi-

218 2318 318 2384 flearo
337 2317 425 2379 sobet
446 2315 496 2378 bis
517 2315 649 2382 verbine
690 2316 776 2392 (Pol.
800 2317 824 2378 1.
845 2316 893 2388 9.)
913 2300 1081 2396 Λάβωμεν
1101 2309 1139 2378 δὲ
1161 2309 1241 2400 περὶ
1262 2301 1321 2378 αὐ-

216 2419 277 2510 τῆς
295 2411 354 2486 orio
375 2410 478 2510 ἀρχήν
496 2416 658 2490 ἐντεῦθεν.
680 2425 766 2500 (Pol.
782 2425 821 2486 ΙΙ.
839 2423 883 2497 1.)
900 2410 1017 2508 ’Appia
1031 2417 1069 2486 δὲ
1081 2417 1319 2509 πρῶτονποιη-

221 2528 296 2596 odon
315 2521 404 2618 ἥπερ
433 2526 581 2618 πέφυκεν
599 2517 686 2616 ἆρχη
705 2518 827 2615 ταύτης
845 2525 905 2613 τῆς
924 2525 1084 2614 σκέψεως.
1125 2531 1215 2606 (boh.
1246 2530 1320 2592 Nio-

220 2642 299 2705 vll.
332 2642 360 2704 1.
389 2639 457 2706 Pol.
495 2641 521 2704 Ι.
552 2637 619 2711 18.)
651 2625 752 2720 diupo
784 2625 886 2721 ἀρχήν
914 2623 1132 2720 ποιησάμενοι
1161 2631 1316 2718 λέγωμεν.

219 2745 308 2826 (noi.
329 2745 388 2808 IV.
409 2744 458 2826 4,)
480 2737 639 2826 Λένωμεν
659 2729 762 2827 ἀρχήν
784 2726 941 2822 λαβόντες
960 2729 1018 2825 την
1041 2733 1213 2826 εἰρημένην
1226 2728 1319 2826 πρό·-

216 2866 321 2934 ττηον.
343 2849 428 2922 (ΡοΙ.
449 2849 511 2914 lv.
535 2847 600 2924 14.)
619 2839 779 2930 Abrupta
799 2894 808 2915 .
827 2889 838 2908 .
859 2831 1014 2927 λαβόντες
1029 2833 1131 2932 ἀρχήν
1149 2834 1208 2932 τήν
1228 2863 1317 2929 προ·

217 2943 378 3043 orianum
399 2943 517 3020 αὐτῶν.

302 3067 374 3131 Hoo
393 3068 475 3139 lone,
499 3083 541 3128 na
562 3061 635 3146 quid
656 3073 782 3146 praetor
803 3060 1078 3144 exspectationem
1099 3061 1253 3145 proferat,
1275 3079 1316 3130 aa

217 3174 260 3240 ad
282 3193 354 3240 eam
373 3191 439 3236 rem
461 3190 556 3256 poam
583 3171 728 3252 promisit
753 3187 818 3234 non
838 3169 947 3234 statim
967 3188 1175 3243 aooessururu
1198 3169 1317 3238 indicat

217 3280 344 3344 verbis:
363 3273 522 3361 Λέηωμεν
542 3261 599 3340 οὖν
617 3263 841 3362 ἀρξάμενοι’).

231 3519 268 3674 3
282 3518 564 3674 gderlddtuddyadprddldda
579 3598 712 3672 ἆρξᾶμενω
728 3603 798 3656 idam
816 3603 965 3666 deblami,
982 3603 1053 3667 quod
1078 3601 1191 3666 λέγωμεν
1208 3593 1254 3650 οὖν
1270 3593 1319 3668 aip-

282 3691 724 3766 ,commonitoriorum
742 3695 846 3748 initium
864 3693 994 3744 iacientes
1004 3705 1014 3756 ς
1038 3690 1172 3756 dicemus,
1198 3692 1245 3742 sed
1264 3690 1318 3742 ini-

283 3790 348 3842 tium
365 3802 571 3855 praeponemus.

606 4044 907 4060 Μ

1547 2193 1549 2316 i
