3118 4914
322 541 412 604 vitt.
434 543 470 602 in
493 537 607 603 eudem
631 559 708 602 veru
730 541 838 623 capite
860 539 902 600 Χ.
925 541 1144 622 quaestionem
1166 537 1207 602 de
1230 543 1338 604 rems

239 652 270 714 in
300 651 392 713 aiium
423 650 528 714 lucum
556 647 689 728 differt,
720 649 774 730 qai
801 650 876 710 item
906 652 938 711 in
960 647 1103 712 Politicis
1124 645 1340 710 desideratura

242 752 324 820 Τίνα
345 753 383 820 δὲ
401 754 456 819 δεῖ
474 745 600 843 τρόπον
612 753 760 842 χρῆσθαι
774 743 904 829 δούλοις
924 749 979 816 καί
1001 740 1087 816 διότι
1108 749 1237 833 βέλτιον
1257 747 1342 815 πᾶσι

238 865 309 939 τοῖς
330 852 460 938 δούλοις
472 851 578 926 ἆθλον
593 864 796 949 προκεῖσθαι
809 851 868 946 τήν
881 855 1087 946 ἐλευθερίαν,
1101 847 1238 944 ὕστερον
1243 854 1342 946 ,ἐροῦ-

239 991 308 1054 μεν.
350 973 425 1052 Qua
447 973 534 1036 dere
548 991 627 1036 sane
650 971 776 1055 quidem
790 971 963 1054 disputatio
985 980 1038 1034 est
1057 975 1089 1034 in
1104 969 1341 1033 Oeconomicis.

241 1079 308 1143 Sed
330 1080 361 1143 id
382 1081 459 1144 nihii
482 1081 522 1144 ad
534 1101 600 1144 rem
617 1083 673 1156 (ci.
689 1101 760 1164 cap.
771 1080 859 1159 vt).
883 1081 991 1158 Quare
1006 1080 1123 1142 deesse
1138 1083 1343 1162 quaestiones

239 1186 279 1250 da
300 1189 441 1270 syssitiis
464 1197 496 1251 at
516 1189 555 1251 dc
578 1190 695 1270 servis,
709 1191 819 1270 negari
841 1209 903 1250 uon
924 1196 1041 1270 potest.
1085 1189 1177 1267 Quae
1191 1207 1253 1270 quo
1266 1189 1339 1251 ioca

240 1296 280 1358 ab
304 1297 478 1359 Aristotoie
500 1297 655 1360 collocata
677 1297 807 1374 fuerint,
842 1311 902 1357 non
925 1299 1023 1357 certis
1045 1303 1078 1356 et
1099 1295 1186 1358 veris
1207 1296 1341 1358 rationi·

240 1403 300 1465 dus
323 1401 418 1484 edici,
443 1401 501 1464 sed
523 1401 726 1484 probabiliter
740 1401 853 1464 coniici
868 1409 984 1482 potest.
1030 1401 1176 1482 Namque
1190 1399 1340 1481 inpriore

241 1526 325 1591 quaa
353 1517 405 1571 est
432 1509 472 1572 de
503 1509 725 1572 constituenda
756 1507 916 1589 republica
938 1514 1028 1588 parte
1059 1505 1121 1585 (cf.
1138 1511 1170 1579 ’9.
1192 1505 1243 1567 rt.
1265 1505 1335 1587 tu.)

240 1617 313 1679 iliae
333 1615 460 1699 quidam
484 1617 689 1698 quaestiones
718 1613 929 1676 instituendae
947 1613 1083 1690 fuerunt,
1101 1629 1201 1693 cunm
1223 1611 1255 1672 iu
1276 1631 1339 1692 po·-

241 1725 375 1786 steriore
398 1723 438 1786 da
460 1723 680 1804 componenda
701 1721 834 1783 civitate
862 1720 965 1780 iocum
987 1719 1105 1782 habere
1132 1718 1336 1782 nullomodo

240 1839 383 1910 possent.
433 1830 542 1908 Quare
575 1847 631 1891 aas
660 1837 733 1910 post
759 1837 856 1908 caput
884 1829 957 1892 xit.
990 1836 1064 1888 aote
1090 1827 1181 1890 Xiii.
1212 1827 1337 1908 positas

239 1955 316 2000 esse
353 1955 481 2000 censeo.
533 1939 606 2017 Quo
643 1939 754 2002 eodem
787 1940 859 2002 luco
897 1947 972 2000 ante
1006 1939 1252 2021 disputationem
1290 1937 1332 2001 de

239 2049 348 2127 pueris
369 2046 544 2109 educandis
572 2049 792 2130 quaestionem
819 2047 863 2110 de
889 2049 1031 2130 sysaitiis
1061 2048 1183 2129 legisse
1203 2046 1335 2110 videtur

240 2163 352 2218 auctor
374 2155 491 2238 Eciog.
511 2157 613 2220 Ethic.
626 2157 708 2238 apud
727 2157 911 2221 Stobaaum.
954 2160 1038 2222 Sunt
1052 2161 1134 2221 enim
1147 2160 1217 2220 cius
1233 2159 1336 2224 verba

239 2261 338 2324 haec:
370 2249 530 2346 χρήσιμον
556 2259 593 2326 δὲ
624 2260 679 2325 καὶ
699 2253 737 2324 τδ
766 2263 960 2343 νομοθετεῖν
988 2259 1139 2326 συσσίτια
1160 2265 1336 2328 ποιεῖσθαι

238 2354 367 2428 καίτδ
388 2363 548 2452 περὶτῆς
574 2364 682 2452 κοινῆς
707 2362 865 2440 παιδείας
893 2364 959 2429 τῶν
978 2363 1097 2431 τέκνων
1125 2358 1335 2446 σπουδάζειν.

238 2475 362 2559 Magna
385 2475 512 2558 quidem
536 2475 611 2538 huic
632 2477 778 2557 scripturi
799 2495 861 2540 nou
883 2485 935 2541 est
954 2477 1120 2541 tribuenda
1141 2479 1337 2560 auctoritas5

238 2599 300 2644 nec
322 2583 392 2664 ipsa
411 2583 533 2665 tribuo,
568 2585 714 2665 quoniam
737 2603 799 2646 non
823 2585 938 2666 ubique
961 2593 1012 2648 est
1034 2585 1261 2649 Aristoteiaum
1282 2599 1338 2650 or-

238 2689 344 2753 dinem
366 2704 509 2760 secutus.
551 2693 644 2757 Haec
666 2693 706 2756 da
726 2695 912 2776 integritate
934 2697 1001 2758 iibri
1027 2697 1099 2759 Vii.

323 2860 378 2920 IX.
402 2860 438 2918 iu
452 2859 530 2919 iibro
542 2867 649 2922 autem
663 2859 753 2923 vtlt.
774 2859 804 2922 3.
826 2861 1019 2922 Aristotcles
1039 2859 1079 2921 de
1092 2861 1214 2924 musica
1227 2859 1337 2942 dispu-

237 2965 388 3026 tationem
409 2965 590 3047 ingressus‚
612 2965 742 3044 scripsit
763 2965 857 3028 haec:
873 2954 1014 3044 Ὅτιμδν
1028 2959 1134 3026 τοίνυν
1161 2961 1232 3028 ἐστὶ
1258 2984 1338 3028 παι»

238 3064 313 3132 δεία
329 3089 390 3150 τις,
402 3058 440 3156 ἣν
462 3059 523 3148 οὐχ’
541 3057 586 3142 αις
606 3064 767 3154 χρησίμην
785 3065 980 3132 παιδευτέον
1000 3060 1077 3145 τους
1098 3066 1181 3146 υἱεῖς
1201 3062 1270 3135 οὐδ’
1291 3061 1337 3148 είς

237 3167 412 3260 ἀναγκαίαν
432 3166 501 3239 dit’
522 3165 568 3251 τίς
587 3171 777 3264 ἐλευθέριον
796 3175 851 3240 καὶ
870 3167 979 3266 καλήν,
1002 3169 1143 3266 φανερόν
1157 3174 1252 3242 ἐστιν·
1269 3168 1335 3244 πό·

238 3303 333 3369 τερον
354 3279 391 3348 δὲ
423 3279 485 3364 μία
512 3273 568 3347 τδν
595 3273 787 3370 δριδμδνῆ
816 3281 951 3360 πλείους
978 3283 1033 3350 καί
1059 3283 1145 3362 τίνες
1165 3275 1261 3350 αὗται
1282 3284 1337 3350 καί

238 3392 321 3473 πῶς,
332 3383 467 3480 ὕστερον
487 3389 619 3456 λεκτέον
638 3390 720 3479 περὶ
739 3384 853 3458 αὐτῶν.
897 3399 1023 3476 Quibus
1036 3418 1072 3461 se
1088 3399 1337 3481 disceptaturum

240 3505 397 3587 pollicitus
420 3511 492 3587 est,
515 3511 630 3570 ‘utrum
659 3513 786 3586 praeter
814 3506 967 3568 musicam
999 3508 1086 3587 pueri
1114 3493 1252 3568 'docendi
1272 3510 1337 3569 sint

238 3614 317 3676 alias
340 3631 405 3694 res,
425 3632 506 3696 quae
527 3616 592 3675 sint
614 3633 676 3676 uon
698 3614 902 3677 necessariae
923 3622 978 3677 aut
1000 3615 1096 3676 utiles
1118 3613 1335 3675 sediiberaies

241 3727 273 3778 at
294 3719 461 3798 honestae,
484 3741 524 3784 an
546 3737 627 3801 u0u3
650 3740 774 3804 eaeque
795 3740 878 3804 quae
898 3722 962 3784 sint
984 3730 1016 3784 et
1037 3720 1195 3804 quomodo
1210 3718 1336 3783 δοοεο-

240 3823 309 3888 dae.
353 3828 474 3906 Quibus
503 3827 544 3892 de
575 3829 670 3892 rebus
694 3830 886 3895 Aristoteles
904 3829 1154 3911 'disputationem
1176 3836 1265 3892 certa
1282 3829 1338 3891 ia-

234 3933 359 4012 stituit'3
372 3935 431 3996 sed
445 3937 518 3998 eius
533 3955 580 3998 :ne
599 3937 774 4018 *vestigium
802 3935 927 4019 quidem
950 3944 1068 3998 exstat.
1111 3935 1229 4018 Neque
1247 3937 1336 4000 cuim

234 4035 501 4118 decapitavit.
523 4042 593 4104 libri
622 4041 714 4106 Vnt.
744 4043 877 4126 cogitari
900 4050 1015 4125 potest.
1059 4041 1153 4120 Quod
1175 4061 1271 4125 quum
1293 4043 1337 4106 sit

238 4142 278 4208 de
298 4141 470 4209 harmoniis
493 4157 525 4212 et
546 4149 759 4233 carminibus,
797 4151 958 4216 artissime
987 4171 1059 4215 uum
1082 4151 1270 4232 quaestione
1292 4149 1334 4213 de
