3118 4914
683 349 906 412 -lbl—

241 515 304 612 γάρ
325 517 409 590 πολι)
431 516 575 614 άτιερέχῃ
597 517 1006 615 ὁποτερονοῡντῶνμεροίν
1028 519 1115 615 πρὸς
1137 518 1176 591 τά
1196 524 1348 614 φανερῶς

243 637 391 722 κρεῖττον
393 685 406 716 ,
444 627 483 700 τά
502 627 618 701 λοιπὸν
645 628 684 701 ori
705 634 803 702 θέλει
823 627 1026 706 κινδυνεύειν.
1067 629 1129 702 And
1150 636 1204 702 καί
1224 633 1257 702 οἱ
1277 653 1348 702 κατ’

243 734 363 831 άρετὴν
390 739 604 830 διαφέροντες
640 734 679 808 οὐ
707 741 841 808 ποιοῦσι
882 733 996 809 στάσιν
1024 735 1070 818 εἰς
1097 737 1213 808 εἰπεῖν·
1244 735 1349 828 ὀλίγον

134 875 137 878 ·
242 845 304 938 γάρ
327 850 487 938 γίγνονται
508 843 592 940 πρὸς
614 841 767 928 πολλούς.

251 1003 257 1013 -
328 968 408 1026 ltem
438 966 470 1026 in
499 982 568 1045 cap.
602 965 657 1030 Vl.
685 973 760 1027 ante
787 966 981 1027 enuntiatum
1006 953 1101 1042 ’Ἔχει
1130 960 1242 1028 δὲκαὶ
1269 953 1347 1050 ἦέξ

244 1069 350 1141 litter
373 1066 512 1153 (αὐτῶν)
533 1067 618 1164 άρχὴ
642 1064 790 1151 στάσεως
811 1067 975 1164 διαφοράς
995 1079 1189 1163 Conringiua
1216 1077 1349 1141 deside-

244 1188 339 1266 ravit,
362 1183 473 1267 „quod
494 1183 701 1266 responderet
723 1187 782 1266 eis,
806 1205 890 1268 quae
912 1195 1155 1248 antecesserunt
1168 1185 1208 1247 de
1225 1185 1348 1249 duobus

245 1293 348 1355 modis
371 1294 578 1356 mutationum
599 1283 816 1378 όλιγαρχίαςιι.
849 1294 918 1358 Sed
941 1311 1010 1375 cap.
1025 1295 1082 1354 Vl.
1095 1313 1134 1356 ea
1156 1295 1185 1354 in
1210 1294 1349 1355 animum

244 1411 449 1484 revocantur,
472 1421 557 1482 quae
578 1412 654 1464 sunt
676 1403 708 1463 in
729 1421 797 1482 cap.
819 1403 843 1462 l.
876 1389 930 1462 Ἐν
950 1395 1010 1480 μὲν
1029 1385 1093 1484 γάρ
1120 1400 1194 1473 ταῖς
1214 1389 1351 1485 ὀλιγαρ-Ι

243 1501 334 1584 χίαις,
351 1501 543 1591 ἐγγίγνονται
564 1494 633 1586 δύο,
653 1499 675 1590 ἥ
696 1527 733 1570 τε
753 1495 839 1592 ττρός
859 1494 1020 1590 άλλήλους
1040 1493 1155 1580 στάσις
1184 1502 1238 1568 καί
1257 1497 1306 1568 ἐτι
1326 1495 1348 1590 rp‘

243 1603 329 1698 πρός
347 1604 404 1676 ‘cdv
425 1611 535 1699 δῆμον.
572 1616 666 1692 Quod
694 1620 724 1678 si
753 1616 947 1696 Conringius
976 1617 1162 1698 cogitasset,
1182 1635 1278 1696 quum
1308 1635 1348 1678 ea

242 1718 369 1805 legeret
398 1743 480 1805 quae
503 1726 619 1787 suntin
637 1725 756 1787 nostris
772 1722 975 1787 editionibus:
999 1724 1076 1786 nibil
1090 1725 1250 1804 potuisset
1266 1724 1349 1786 ultra

248 1833 441 1896 desiderare.
1068 1811 1075 1817 ’

327 1943 394 2004 lam
418 1944 533 2006 merrtio
555 1942 702 2008 facienda
719 1952 770 2006 est
792 1943 831 2004 de
846 1943 914 2004 libri
926 1943 967 2004 V.
979 1943 1138 2022 totiusque
1150 1939 1257 2030 operis
1270 1937 1346 2020 line,

232 2069 306 2132 -quo
334 2051 477 2112 Platonis
506 2049 691 2113 diiudicatur
720 2051 761 2112 de
783 2069 887 2112 rerum
918 2048 1144 2110 mutationibus
1176 2045 1345 2109 sententia.
1431 2119 1433 2124 ¹

244 2163 327 2225 llum
368 2165 451 2225 eninr
489 2165 668 2246 complures
702 2184 758 2246 pro
795 2164 904 2225 mutilo
940 2161 1118 2224 babuerunt
1149 2161 1348 2240 interpretes.

245 2268 387 2331 Primum
411 2271 509 2351 igitur
530 2281 603 2351 post
626 2273 725 2334 verba
738 2262 814 2333 ’Ἔτι
834 2267 872 2334 δὲ
894 2262 952 2334 κίίν
967 2267 1070 2350 τιμῶν
1091 2259 1137 2353 μή
1158 2263 1347 2368 μετέχωσιν,

241 2365 301 2436 κάν
323 2365 499 2438 ἀδικῶνται
518 2368 541 2460 ἢ
561 2366 768 2463 άβρίζωνται,
790 2367 1003 2453 στασιάζουσι
1031 2373 1085 2438 καί
1106 2363 1349 2456 μεταβάλλουσι

242 2471 303 2556 τάς
324 2476 503 2561 πολιτείας,
522 2475 582 2546 κάν
602 2473 649 2568 μή
669 2473 883 2570 δαπανήσωσι
914 2474 973 2568 τήν
994 2473 1106 2546 οὐσίαν
1127 2472 1184 2544 διά
1203 2471 1241 2544 τό
1263 2476 1346 2559 ἑξεῖ·

242 2609 305 2668 ναι,
327 2582 379 2652 ὅτι
401 2581 440 2653 dv
460 2578 642 2672 βούλωνται
663 2593 780 2656 ποιεῖν·
800 2579 839 2656 οὗ
858 2585 966 2655 αἰτίαν
985 2580 1044 2675 τήν
1064 2579 1143 2672 άγαν
1158 2581 1350 2674 ἐλευθερίαν
1463 2677 1466 2683 ¹

241 2678 325 2755 εἰναί
337 2710 437 2778 φησιν
448 2713 522 2757 esse
531 2697 675 2760 lacunam
686 2698 842 2778 suspicati
854 2710 927 2760 suut
941 2696 1160 2760 Schneidcrus
1168 2705 1200 2758 et
1212 2693 1347 2758 Coraca.

244 2799 405 2865 Gillanius
414 2802 622 2868 delevitbaec
631 2793 687 2866 διά
694 2793 732 2866 τά
740 2799 879 2882 ἐξεῖναι.
893 2852 900 2867 .
970 2798 1080 2890 φησίν·
1091 2805 1259 2867 Beldrerus
1268 2821 1348 2866 vero

243 2908 343 2968 verba
365 2897 421 2968 διά
440 2896 479 2968 τό
499 2903 620 2985 ἐξεῖναι
642 2896 694 2971 ίίτι
714 2901 754 2971 ἰίν
774 2899 947 2993 βούλονται
968 2909 1076 2970 ποιεῖν
1094 2910 1253 2970 artissime
1272 2925 1349 2972 oum

243 3015 512 3095 praecedentibus
543 3017 716 3082 coniunxit.
761 3017 853 3096 Quod
887 3015 1063 3098 quidem'ei
1087 2994 1223 3078 assensit
1245 3016 1349 3078 Stab-

243 3123 327 3202 rius3
372 3123 472 3184 verba
501 3131 606 3186 autem
635 3111 674 3185 οὗ
705 3115 814 3186 αἰτίαν
840 3113 899 3208 τήν
924 3112 1005 3208 ἰίγαν
1036 3117 1231 3209 ἐλευθερίαν
1263 3109 1348 3186 εἶναί

242 3251 354 3318 φησιν,
377 3253 460 3317 quae
488 3237 690 3316 interpretum
713 3253 806 3298 nemo
826 3235 1048 3313 intellexisset,
1080 3233 1171 3294 uncis
1212 3232 1346 3295 inclusit.

247 3342 342 3420 Quae
363 3343 490 3426 quidem
514 3343 615 3405 verba
636 3361 655 3405 a
678 3343 811 3406 Platone
834 3341 874 3404 de
895 3342 976 3424 Rep.
993 3343 1021 3403 V
1025 3343 1082 3404 lll.
1102 3361 1131 3422 p.
1152 3340 1228 3420 564,
1250 3341 1349 3420 petita

244 3471 320 3516 csse
341 3454 464 3536 putavit
487 3450 666 3537 Glill'auius3
703 3456 796 3538 isque
825 3473 863 3518 ea
893 3458 932 3518 ab
962 3457 1135 3519 Aristotele
1164 3451 1350 3538 ‚‚torqueri“

241 3561 285 3622 ait
296 3560 361 3642 ‚3ad
375 3549 571 3646 ὀλιγαρχίαν,
583 3579 680 3642 quum
696 3581 716 3624 a
732 3562 865 3624 Platone
880 3561 920 3624 de
933 3557 1138 3648 δημοκρατίᾳ
1154 3561 1238 3624 dicta
1252 3559 1347 3623 sint.“

244 3667 311 3729 Sed
334 3678 420 3733 recte
452 3688 525 3732 mea
548 3668 675 3752 quidem
697 3668 904 3732 sententiose
926 3669 1045 3732 habeut
1067 3670 1181 3732 omnia.
1232 3671 1349 3732 Sermo

245 3785 297 3838 est
326 3780 408 3842 enim
437 3778 478 3843 de
507 3780 608 3842 altero
635 3777 823 3841 seditionum
852 3796 974 3859 genere
1009 3795 1088 3857 quas
1116 3777 1146 3836 in
1176 3762 1348 3860 ὀλιγαρχίᾳ

244 3885 273 3944 ei
296 3885 420 3966 quidem
450 3897 579 3950 movent
601 3887 653 3970 qui
676 3888 897 3968 obtemperant
917 3881 1058 3968 (δῆμος,
1087 3905 1148 3948 uon
1172 3872 1275 3967 ὀλίγοι
1296 3883 1349 3965 qui

243 3989 425 4072 imperant).
470 3992 576 4071 Quare
598 3995 699 4057 verba
720 3995 773 4056 illa
795 3981 833 4054 οὗ
853 3985 961 4056 αἰτίαν
981 3979 1039 4074 τήν
1060 3979 1140 4072 άγαν
1155 3984 1350 4076 ἐλευθερίαν

245 4088 329 4164 εἶναί
350 4116 465 4185 φησιν,
496 4105 642 4185 quamvis
664 4103 705 4166 de
730 4099 977 4190 δημοκρατίαι
1000 4102 1134 4190 Platone
1157 4107 1188 4164 in
1211 4103 1288 4164 libro
1310 4100 1350 4162 de

242 4214 324 4296 Rep.
346 4214 435 4279 Vlll.
459 4233 487 4293 p.
507 4212 584 4274 555.
607 4217 685 4288 (non
706 4217 737 4277 in
759 4215 850 4288 564.)
880 4215 1067 4296 dictasint,
1101 4213 1141 4277 ad
1164 4231 1220 4276 eos
1243 4212 1295 4295 qui
1318 4216 1348 4274 in
