3124 4918
671 347 877 410 -ωῄ

304 535 402 584 tcrtrtr
425 533 581 586 recesseris
598 533 635 588 ct.v
652 543 713 584 cuci
731 531 791 582 eet.
806 531 855 582 lii:
875 530 920 582 11.
938 535 967 582 et
985 531 1032 582 vi.
1049 529 1077 587 t.
1092 555 1123 570 ·-
1140 530 1235 583 muer
1252 535 1340 582 tuum

306 625 410 676 dicerit
429 637 543 687 prorsus
559 627 601 674 ert
619 622 816 674 Aristotelem
831 625 863 686 ¹).

741 771 771 842 §-
795 767 845 832 3⁷.

532 901 577 951 ur
594 901 678 951 iibri
702 903 738 952 ΙΙ.
756 901 904 964 ceptrum
924 903 1053 952 ordire.

349 1019 434 1080 Libri
462 1021 502 1082 li.
537 1017 643 1100 capita
674 1034 767 1078 suum
798 1035 1015 1080 conservasse
1043 1017 1203 1100 ordinem,
1233 1019 1344 1100 negari

245 1126 371 1188 omnine
393 1147 454 1187 uon
476 1134 592 1208 petest.
636 1101 720 1186 Nem
744 1131 839 1204 ceput
860 1126 883 1188 1.
905 1127 933 1185 si
957 1129 1138 1208 exceperis,
1160 1127 1189 1187 iu
1213 1128 1343 1207 reliquis

243 1237 387 1298 omuibus
409 1236 454 1298 ite
475 1235 515 1298 ad
538 1255 578 1299 ee
599 1254 681 1318 quae
704 1233 901 1315 praecedunt
922 1235 1108 1315 respicitur,
1139 1243 1173 1296 ut
1195 1253 1342 1296 commu-

243 1343 304 1405 teri
325 1345 462 1424 cupitum
486 1343 562 1404 ordo
585 1352 617 1403 et
638 1343 740 1404 series
764 1343 848 1404 nuile
871 1343 966 1404 mode
989 1346 1100 1424 pessit

322 1451 373 1511 Ad
392 1449 575 1512 Aristotelis
599 1450 764 1510 consitium
800 1457 834 1510 ut
854 1450 966 1511 iterum
989 1453 1125 1513 animum
1151 1452 1342 1528 referemus,

238 1553 272 1618 id
294 1555 377 1638 quod
399 1555 518 1634 voluit,
536 1557 660 1617 omniuo
678 1565 848 1617 assecutus
868 1566 927 1618 est.
950 1557 1087 1618 i'riruum
1105 1559 1185 1620 euim
1205 1559 1342 1638 edocuit,

241 1663 555 1744 rerumpublicarum,
581 1683 664 1744 quae
685 1673 795 1725 essent
815 1665 921 1746 betae,
955 1675 1010 1728 cut
1026 1667 1056 1727 iu
1072 1667 1168 1728 vitum
1184 1667 1343 1728 homiuum

208 1787 213 1798 ·
240 1773 401 1854 iuductec,
425 1777 539 1837 nuiicm
563 1794 637 1839 esse
659 1777 856 1856 perfectem3
878 1777 929 1858 qui
951 1795 1029 1857 ergo
1052 1789 1181 1857 praeter
1203 1795 1261 1840 ecs
1282 1778 1344 1839 be·

237 1904 311 1947 nem
338 1894 525 1966 quaereret,
548 1884 631 1948 baud
658 1885 753 1946 nimie
773 1904 847 1946 cum
869 1903 1023 1966 quaerere
1044 1888 1102 1958 (ci.
1129 1887 1208 1947 Pei..
1222 1887 1262 1947 ii.
1286 1886 1341 1956 l.).

240 1991 364 2054 Deinde
392 1991 466 2074 quid
489 1999 578 2055 recte
601 1991 787 2066 schabest,
811 1992 886 2072 quid
907 2013 982 2072 nen,
1007 1993 1177 2072 discrevit,
1207 2002 1239 2054 et
1263 2011 1344 2075 quae

237 2100 344 2180 leges,
366 2101 521 2178 institute,
544 2099 730 2180 discipliuae
752 2109 828 2179 epte
849 2101 913 2162 sint
934 2100 974 2161 cd
994 2101 1157 2162 civitatem
1180 2102 1343 2182 eptimam,

242 2215 275 2266 et
298 2225 452 2287 quaenam
476 2205 517 2268 cd
538 2223 695 2292 quemque
714 2205 907 2286 reipublicae
924 2205 1171 2288 descriptionem
1194 2228 1258 2272 nen
1279 2209 1344 2272 siut

240 2313 383 2380 idonee.¹
411 2314 533 2394 Quibus
555 2315 653 2378 rebus
674 2309 824 2398 coguitis,
847 2334 941 2400 quum
963 2317 1147 2380 accuratius
1165 2318 1344 2400 perspicie-

238 2431 308 2502 tur,
341 2424 436 2504 qurde
467 2425 509 2486 sit
534 2424 685 2506 optimum
707 2425 902 2506 reipublicae
919 2443 1038 2506 genus:
1075 2424 1240 2508 prebenda
1264 2443 1343 2487 sane

240 2539 315 2594 sunt
344 2530 530 2594 Aristotelis
564 2530 674 2604 verbu¹
694 2531 787 2609 (urm
817 2531 892 2598 Nic.
921 2532 963 2594 Χ.
987 2530 1072 2609 10.):
1101 2525 1346 2616 θεωρηθέπων

259 2754 294 2820 1)
312 2755 483 2821 Spengeiium
502 2753 540 2821 (1.
558 2769 583 2811 ο.
601 2767 665 2807 cun.
685 2755 747 2822 1³.)
762 2753 794 2806 rie
811 2757 861 2807 bec
878 2769 908 2807 re
926 2755 1057 2808 attulisse
1073 2755 1151 2808 video
1171 2767 1254 2815 neve,
1274 2770 1344 2818 quae

313 2863 357 2922 tue
381 2852 511 2914 tugerent
538 2855 711 2914 argumenta·
747 2851 839 2900 Verba
865 2850 1014 2901 adscribam
1040 2851 1167 2916 integrae
1195 2851 1344 2904 «Eutierct

312 2958 374 2996 meu
393 2945 482 2993 dieses
496 2941 615 3007 Kapitei,
627 2955 659 2992 se
677 2943 744 2993 ieblt
761 2939 808 2992 der
825 2941 941 2992 sebiuss
959 2941 1046 2993 dieses
1065 2945 1167 2994 Buebes
1177 2959 1186 3008 ς
1213 2946 1280 2994 eber
1297 2945 1344 2994 der

312 3037 404 3088 Inbclt
422 3035 458 3086 ist
475 3033 661 3086 colliremcreu
680 3035 760 3100 iebt,
788 3048 849 3086 meu
878 3035 953 3087 ieeuu
981 3037 1067 3087 uicbts
1091 3037 1253 3087 tcdelbcites
1272 3035 1348 3086 derin

307 3129 416 3191 finden,
442 3127 506 3176 dces
530 3126 570 3176 cie
594 3126 782 3190 desetzgeber
808 3127 857 3177 mit
875 3127 948 3176 ibren
969 3127 1277 3190 Eigeutbttmlicbkeiteu
1295 3143 1348 3179 zu·

309 3217 542 3282 summengestellt
550 3219 661 3267 werden
664 3251 674 3282 ,
684 3220 803 3269 dadurcb
813 3217 883 3269 wird
894 3220 960 3269 auci
968 3220 1008 3269 die
1016 3220 1168 3270 etbeuiscbe
1177 3219 1348 3284 Vertcssucg

308 3310 452 3375 erwibut'3
470 3311 553 3360 sebon
573 3311 619 3359 der
637 3309 782 3361 Ausdruck
800 3325 824 3375 p.
846 3312 927 3366 1274.
944 3313 988 3363 10.
1007 3309 1079 3378 (sec.
1091 3312 1175 3361 Bekir.
1189 3312 1294 3376 berei.)
1313 3311 1346 3368 οἷς

304 3401 350 3470 τήν
366 3407 412 3454 νῦν
430 3399 608 3472 δημοκρατίαν,
627 3406 673 3454 der
691 3403 763 3454 diter
780 3404 807 3453 in
833 3403 879 3454 ier
898 3405 997 3454 Politiir
1015 3404 1199 3452 wiederirebrt
1212 3407 1265 3454 und
1283 3405 1346 3454 bebi

304 3499 488 3552 aristoteliscb
506 3499 552 3564 ist,
570 3497 643 3549 bitte
662 3511 716 3548 eeu
736 3499 785 3548 der
803 3497 1079 3548 deubeitebrctbec
1098 3496 1199 3554 selieu,
1217 3497 1260 3544 eiu
1277 3496 1343 3559 spii·

233 3574 237 3590 ¹
307 3599 379 3644 teres
406 3593 566 3644 Mecbwerk
591 3605 628 3642 zu
652 3591 802 3642 erbiicken.
839 3589 934 3641 Virites
959 3590 994 3638 ist
1017 3587 1275 3638 Mirsverstiiuduiss
1293 3591 1347 3638 und

307 3687 398 3750 zeugi,
408 3684 471 3734 dass
484 3684 549 3733 Sicu
560 3686 613 3733 und
624 3684 862 3746 zusammeubeng
872 3681 947 3731 uicbt
957 3679 1054 3744 ricbtig
1062 3679 1215 3742 autgerarsr
1223 3682 1346 3744 werden,

306 3775 359 3825 wie
378 3788 437 3824 was
454 3777 519 3826 iiber
536 3773 578 3824 die
595 3775 686 3824 Stclie
704 3787 759 3824 ven
777 3773 864 3823 Seleu
878 3775 976 3834 gescgt
988 3771 1033 3835 ist,
1052 3772 1165 3821 auderes
1182 3771 1217 3822 ist
1230 3773 1269 3823 bei
1285 3777 1345 3825 dem

306 3872 447 3922 musteum
473 3881 586 3919 unsercs
616 3869 715 3917 'l'extes
739 3865 937 3916 uubedeukich
957 3865 999 3914 uls
1016 3867 1129 3926 corrupt
1145 3863 1346 3930 {uczuuebmem

314 3962 368 4014 wic
386 3959 428 4011 dle
445 3962 545 4011 Worie
563 3956 608 4016 τοὶς
633 3953 737 4030 δ’ἆρχᾰς
760 3955 788 4008 ἔκ
806 3961 857 4008 τῶν
883 3961 1015 4026 γνωρίμων
1031 3959 1073 4008 καὶ
1094 3960 1145 4008 τῶν
1173 3953 1284 4025 εὖπόριον
1301 3979 1348 4010 κο·

312 4053 415 4116 τέστησε
430 4046 512 4107 πάσας
528 4045 557 4098 ἔκ
576 4051 626 4100 τῶν
643 4045 925 4116 πεντακοσιομεδίμνων
943 4051 982 4100 καὶ
990 4048 1105 4117 ζευγιτῶν
1115 4049 1155 4099 καὶ
1164 4054 1249 4116 τρίτου
1265 4050 1347 4104 τέλους

309 4145 351 4210 τῆς
374 4142 524 4208 καλουμένης
540 4135 667 4203 incidor,
694 4137 765 4191 τόδὲ
780 4143 900 4212 τέταρτον
917 4138 1028 4208 riprende,
1045 4154 1096 4192 wt)
1115 4143 1268 4196 wabncb
1278 4139 1347 4192 eiu-

311 4231 760 4295 tieunatrocrmrcretr.
