3118 4914
673 371 716 390 ..
759 341 820 406 pm
861 376 903 390 -

239 529 418 612 aptifflme..
455 529 546 594 Narr-
566 545 727 612 querere
742 524 898 596 πολιτεία
923 549 965 594 aa
987 529 1098 613 qutun
1120 529 1342 612 campeaeade

239 641 282 700 sit
303 636 445 713 civibus,
475 645 510 702 et
530 635 641 700 dicare
670 639 786 720 quibus
817 639 1012 719 conveniat,
1040 639 1123 702 idem
1145 649 1205 702 cst.
1239 639 1344 704 vHatra

240 751 345 808 atatem
361 742 401 805 de
415 738 620 828 δημοκρατίᾳ
634 755 669 808 et
682 735 854 828 ὀλιγαρχίᾳ
882 746 1126 827 disputationem
1150 747 1343 810 Aristoteles

236 855 301 920 iam
319 859 370 916 est
384 863 605 934 suscepturus.
628 853 770 916 Primum
790 855 885 937 igitur
906 855 1011 935 legem
1036 853 1160 936 profert
1181 854 1212 918 ic
1235 853 1340 916 emni-

238 961 299 1024 bus
314 961 551 1042 comprobatam
570 962 766 1024 civitatibus.
787 964 938 1026 Necesse
960 981 1037 1025 esse
1058 963 1113 1043 ait,
1137 963 1189 1044 qui
1213 963 1340 1026 salvum

241 1069 434 1150 reipublicae
454 1077 573 1132 statum
597 1088 673 1132 esse
694 1071 804 1151 velint,
828 1071 941 1151 apibus
963 1072 1015 1132 vel
1037 1072 1179 1152 potentia
1200 1073 1254 1132 vet
1276 1090 1341 1134 nu·

239 1193 326 1238 mero
354 1175 427 1256 ptus
455 1176 603 1254 valeant,
637 1195 733 1256 quem
761 1177 813 1256 qui
843 1151 1038 1238 commutdre
1061 1185 1187 1238 aveant.
1218 1175 1341 1238 Deinde

242 1301 320 1346 uarc
351 1281 509 1362 explicat,
537 1282 652 1362 quibus
681 1282 806 1363 papalia
835 1301 980 1364 quaeque
1000 1282 1043 1344 sit
1067 1275 1288 1366 δημοκρατίας
1307 1291 1341 1344 et

239 1377 432 1472 ὀλιγαρχίας
461 1390 591 1470 species
620 1389 903 1452 accommodanda.
962 1391 1048 1450 Sunt
1082 1397 1189 1452 autem
1226 1389 1256 1452 ia
1291 1390 1340 1450 ci-

241 1498 374 1560 vitatem
401 1515 530 1578 semper
564 1498 737 1586 recipiendi
771 1499 897 1560 modice
923 1499 1112 1580 locupletes.
1156 1499 1218 1576 Qui
1239 1499 1268 1560 si
1290 1498 1342 1562 di-

240 1608 326 1670 vitas
351 1608 406 1670 vel
427 1624 585 1688 pauperes
614 1606 668 1668 vet
694 1615 845 1688 utrosque
874 1627 1004 1669 numero
1026 1615 1195 1687 superant,
1226 1605 1341 1670 immu-

241 1713 347 1778 rabitis
379 1721 412 1776 et
439 1711 528 1776 firma
558 1713 616 1774 erit
644 1706 806 1774 πολιτεία.
849 1712 1048 1776 Firmissime
1082 1722 1187 1774 autem
1224 1713 1342 1794 optima

240 1820 403 1892 moderata
423 1828 457 1882 et
476 1823 642 1901 permixta.
665 1821 746 1882 Tum
768 1806 958 1901 ὀλιγαρχικοί
982 1819 1159 1901 quaedam,
1182 1839 1263 1902 quae
1284 1821 1341 1884 iu-

241 1945 315 1995 eum
337 1929 457 1992 faciunt
477 1929 614 2010 pupulo,
647 1937 812 1990 enumerat
833 1920 1031 2010 σοφίσματα.
1077 1929 1127 1990 Ea
1155 1929 1280 2010 quidem
1308 1929 1340 1995 iu

242 2029 396 2119 πολιτείᾳ
422 2038 539 2118 pariter
568 2035 699 2101 vitanda
723 2053 764 2098 ac
796 2023 1021 2120 δημοκρατικοὶ
1048 2026 1165 2118 quibus
1190 2037 1341 2102 falluntur

242 2144 370 2208 divites.
417 2145 524 2208 Falsis
546 2147 627 2208 enim
650 2165 691 2208 ex
713 2146 807 2206 bonis
830 2146 914 2208 mata
936 2145 1081 2208 existunt
1100 2165 1188 2208 vera

324 2252 450 2330 Quibus
471 2253 515 2312 ita
538 2252 718 2332 explicatis,
735 2252 927 2340 Aristoteles
940 2252 1031 2314 tucos
1045 2256 1250 2332 pertractavit
1263 2265 1340 2326 tres.

240 2357 334 2438 Quod
363 2375 401 2418 ae
432 2357 554 2418 fecisse
584 2356 634 2418 his
665 2356 793 2438 quidem
823 2355 984 2438 siguificat
1015 2361 1122 2422 verbis
1152 2363 1226 2434 (tv.
1254 2363 1340 2440 130:

240 2456 307 2535 Διοί
327 2459 400 2528 τίνα
419 2460 480 2546 μὲν
497 2451 552 2528 οὖν
573 2457 655 2528 εἰσίν
675 2457 784 2528 αἰτίαν
805 2459 842 2528 αἱ
860 2460 1026 2527 πολιτεῖαι
1045 2461 1192 2544 πλείους,
1212 2463 1268 2530 καί
1282 2459 1339 2532 διδ

241 2569 277 2640 τί
295 2564 389 2662 παροί
408 2563 468 2649 τδς
488 2569 664 2658 λεγομένας
682 2571 796 2662 ἕτεραι
815 2568 1038 2661 (δημοκρατία
1058 2595 1095 2638 τε
1123 2564 1185 2662 γιίρ
1213 2567 1251 2642 cd
1277 2573 1339 2659 μία

241 2675 296 2750 τόν
316 2674 463 2773 α’ριθμόν
483 2680 569 2766 ἐστι,
597 2681 651 2750 καί
677 2683 742 2750 τῶν
769 2675 876 2750 ἄλλων
896 2673 1044 2766 ὁμοίως),
1066 2676 1173 2750 ἔτιδὲ
1197 2680 1284 2762 τίνες
1303 2681 1341 2752 αἱ

243 2787 404 2878 διαφοραί
429 2786 486 2854 καί
512 2781 569 2856 διδ
595 2785 667 2856 τίνα
693 2785 801 2856 αἰτίαν
826 2785 1016 2872 συμβαίνει,
1042 2781 1128 2876 πρὸς
1153 2787 1191 2854 dd
1212 2781 1340 2870 τούτοις

240 2895 292 2976 τίς
314 2891 431 2984 ὀρίστη
452 2895 516 2962 τῶν
536 2893 710 2960 πολιτειῶν
727 2887 772 2971 τίς
793 2892 850 2962 ε’πί
877 2886 916 2960 cd
946 2894 1102 2960 πλεῖστον
1132 2892 1254 2977 εἰπεῖν,
1282 2898 1341 2966 καί

241 3006 305 3072 τῶν
333 2999 440 3073 ittam
464 3001 547 3072 ποία
574 2998 687 3080 ποίοις
716 2993 873 3092 ὀρμόττει
899 3003 964 3070 τῶν
992 3002 1181 3085 πολιτειῶν,
1200 3005 1339 3094 ιίρηται.

243 3119 434 3198 Quaerenda
457 3129 520 3198 est,
542 3136 599 3182 cur
620 3117 661 3180 ad
682 3118 740 3180 tv.
763 3119 867 3180 lucum
890 3134 960 3180 eum
980 3123 1259 3198 transgressurum
1276 3139 1340 3186 narr

240 3238 458 3308 expectemus.
503 3229 583 3292 Erat
608 3237 715 3292 autam
737 3227 766 3292 is
788 3226 829 3292 da
851 3225 1080 3292 constituendis
1104 3223 1339 3316 δημοκρατίαις

240 3344 273 3399 et
294 3323 502 3422 ὀλιγαρχίαις.

756 3473 818 3530 Π.

241 3583 341 3656 Μετοί
362 3588 615 3658 deiudicetur
635 3581 760 3680 τρόπον
780 3591 835 3658 δεῖ
855 3581 1056 3658 καθιστάναι
1076 3585 1133 3660 cdv
1143 3587 1340 3682 βουλόμενον

239 3688 362 3776 ταότας
382 3692 442 3777 τοῖς
463 3693 642 3780 πολιτείας,
655 3696 738 3783 λέγω
753 3695 790 3763 δὲ
811 3695 1033 3786 δημοκρατίας
1052 3723 1090 3767 τε
1104 3703 1191 3768 καθ’Ι
1203 3701 1338 3774 ἕκαστον

546 3798 635 3884 εἶδος
655 3804 710 3872 καί
730 3795 829 3872 πάλιν
850 3797 1047 3896 ὀλιγαρχίας.

739 3967 768 4038 §.
791 3964 840 4026 61.

324 4089 442 4172 Neque
463 4101 571 4158 tamea
583 4096 687 4160 sctum
704 4093 747 4160 ad
760 4096 845 4160 hunc
860 4095 965 4162 locum
983 4100 1182 4166 tractandum
1199 4101 1337 4184 aceedit,

245 4195 305 4264 sed
327 4195 618 4282 teramnensem
638 4203 686 4270 ita
702 4221 745 4269 se
763 4205 1002 4292 disputaturum
1018 4208 1080 4290 ait,
1104 4216 1138 4271 ut
1158 4209 1275 4272 iterum
1296 4208 1341 4284 de
