3124 4918
690 357 896 426 ..pg-

251 555 335 628 eont,
359 544 534 609 secandum
558 544 708 628 optimam
730 552 763 608 et
784 543 1071 628 perfectissimam
1093 544 1175 610 haec
1195 543 1270 611 ideo
1288 564 1349 610 ea·

249 652 290 716 tis
313 654 447 737 intelligi
468 671 530 717 uon
553 662 725 737 poterant‚·
742 655 816 737 quia
846 655 975 717 virtutis
1004 663 1117 718 naurre
1145 655 1351 740 ignombatur

249 773 283 828 et
303 781 434 846 genere.
476 765 572 843 Quae
593 766 743 848 quoniam
773 763 1040 846 praecedentibus
1069 763 1157 826 turta
1184 765 1351 828 enucleate

252 882 341 953 eunt,
361 871 392 933 in
415 871 484 934 libri
507 873 621 936 dammi
642 882 731 954 parte
754 871 1198 954 alterumagoihcetauquam
1216 889 1258 934 ex
1273 889 1349 934 ora·

248 979 321 1041 crdo
343 978 462 1043 editur:
504 979 631 1061 Optima
660 988 710 1043 est
740 980 841 1042 virtus
872 980 1011 1061 optimae
1040 979 1137 1040 animi
1157 977 1256 1059 partie
1277 979 1296 1039 i.
1319 997 1347 1039 ε.

248 1086 376 1168 mentia,
398 1105 460 1169 qua
473 1087 558 1149 nulia
574 1084 707 1148 divinior
718 1089 756 1159 ¹).
789 1086 909 1148 Metuis
921 1078 1065 1170 ἐνέςννεια
1078 1084 1254 1149 secuudum
1270 1101 1349 1166 pro-

249 1191 348 1274 priam
370 1193 441 1255 cius
462 1195 611 1255 virtutem
638 1193 824 1256 beatitatem
846 1191 944 1256 efficit
961 1192 1157 1276 perfectam,
1186 1191 1347 1269 stabilem.

248 1299 365 1363 nullius
394 1301 440 1362 rei
466 1304 685 1383 requirentem.
735 1301 879 1363 Maxime
910 1300 1007 1383 igitur
1039 1299 1202 1362 Aristoteli
1229 1298 1348 1380 placuit

248 1405 337 1470 vitae
358 1406 526 1492 degendae
546 1409 625 1470 ratio
640 1409 757 1491 quieta,
781 1410 814 1471 iu
834 1409 1103 1489 contemplatione
1117 1415 1149 1468 et
1163 1407 1349 1490 cognitione

247 1513 487 1596 positatarum,
510 1531 593 1596 quae
616 1515 745 1578 dearum
767 1517 853 1578 vitae
874 1517 945 1579 visa
969 1525 1018 1578 est
1040 1514 1207 1577 simillima.
1252 1513 1351 1576 Alte-

247 1643 315 1686 rum
342 1622 449 1686 locum
480 1623 599 1685 obtinet
620 1623 716 1686 animi
742 1611 887 1706 ἐνέργεια
907 1619 1081 1684 secundum
1104 1623 1253 1685 virtutem
1273 1638 1349 1683 uro·

246 1732 354 1792 ratem.
396 1731 552 1794 Actiones
574 1731 656 1793 euim
679 1731 805 1793 ethicae
834 1741 865 1793 et
887 1731 976 1813 plura
997 1733 1157 1814 requirunt
1178 1731 1261 1792 boue
1283 1747 1346 1792 ex-

245 1843 348 1921 terna,
370 1857 431 1904 uec
452 1847 517 1902 tum
539 1849 667 1920 propter
689 1857 727 1900 se
748 1838 968 1921 perficiuntur,
997 1856 1058 1901 nec
1086 1846 1175 1901 tante
1198 1853 1271 1900 cum
1293 1837 1346 1898 iu·

247 1944 427 2020 cunditate,
459 1963 553 2026 quam
576 1935 734 2030 ἐνέργειαι
760 1945 965 2008 theoreticae.
1015 1946 1104 2024 Ergo
1136 1943 1344 2006 theoreticam

246 2044 409 2134 ἐνέργειαν
429 2051 606 2113 seeundum
630 2055 777 2116 virtutem
805 2055 920 2114 ruentis
941 2051 1248 2136 praestantissimam
1269 2067 1346 2114 esee

247 2159 353 2222 elucet
373 2167 469 2240 atque
491 2156 703 2244 expetendam
726 2163 917 2235 maximei).

326 2263 452 2344 Quibus
473 2265 619 2328 omuibus
639 2266 828 2350 explanatis,
852 2267 1045 2331 Aristotcles
1067 2265 1151 2349 quod
1172 2265 1343 2330 iuhthicis

244 2373 420 2437 scribendis
439 2373 499 2438 sibi
520 2375 699 2456 proposuit,
719 2373 752 2438 id
774 2375 900 2439 omniuo
921 2375 1090 2458 praestitit.
1132 2375 1218 2437 Nam
1241 2375 1344 2437 bono-

244 2501 312 2550 rum
335 2488 487 2570 ultimum,
510 2487 596 2570 quod
622 2473 823 2571 ἤνιολιιικῆ
851 2470 986 2564 civemn
1013 2484 1193 2566 acquireret
1219 2485 1343 2563 totique

241 2595 420 2678 impertiret
440 2599 643 2678 reipublicae,
666 2596 824 2658 uberrime
844 2593 876 2654 id
898 2591 1024 2654 edocuit
1036 2592 1145 2654 decem
1161 2591 1343 2653 lbthicorum

244 2702 341 2764 libris.
363 2701 493 2765 Scimus
520 2721 616 2784 ergo,
644 2701 719 2764 iliud
743 2700 822 2783 quid
851 2700 902 2765 eit.
954 2701 995 2762 At
1023 2692 1163 2782 veroep}
1190 2691 1344 2782 πολιτικῇ

245 2795 382 2889 δυνάμει
402 2828 465 2872 non
485 2810 609 2872 discere
629 2816 662 2870 et
680 2813 765 2870 coire
786 2807 981 2890 propositum
1011 2815 1063 2868 est
1089 2804 1147 2867 sed
1171 2825 1267 2882 opere
1286 2809 1340 2867 ct-

246 2935 307 2999 que
335 2920 467 2998 efficere.
519 2918 636 3000 Neque
667 2917 748 2979 euim
776 2917 846 2979 sola
876 2914 1010 2979 scientia
1036 2901 1193 2976 summum
1222 2912 1340 2975 bouum

245 3025 307 3106 ipsi
329 3023 391 3088 iam
420 3024 526 3108 adepti
550 3043 663 3088 sumus
691 3025 745 3088 vel
774 3026 844 3088 aliis
869 3025 1046 3088 tribuimus.
1100 3021 1194 3105 Quod
1224 3027 1340 3107 quibus

245 3133 358 3214 rebus,
388 3132 546 3215 quomodo
574 3134 755 3216 possimus,
784 3133 989 3200 Politioorum
1011 3134 1098 3198 libris
1118 3133 1339 3216 expositurum

196 3305 198 3308 ,
245 3255 320 3302 essa
341 3242 550 3305 Aristotelem
573 3262 616 3305 ex
636 3245 736 3307 totius
759 3247 865 3326 operis
880 3243 1088 3330 dispositione
1100 3247 1164 3308 iam
1181 3247 1340 3328 suspicari

244 3365 427 3432 possumus.
469 3351 536 3418 Sed
557 3351 723 3420 audiamus
745 3354 952 3418 Artstoteiem
974 3355 1089 3438 ipsum.

245 3489 490 3505 m

346 3555 380 3625 ι)
397 3559 459 3616 nnn.
476 3559 539 3614 nto.
556 3562 588 3614 a
606 3561 634 3612 r.
770 3561 805 3628 e)
823 3560 886 3620 into.
904 3561 937 3612 x.
954 3560 982 3614 ν.
998 3563 1026 3620 ε.
1044 3562 1073 3613 o.
