3118 4914
686 305 892 368 ..73-

246 479 432 574 δλιγαρχίαν
447 485 485 554 δὲ
497 478 761 575 ἀριστοκρατίας,
782 481 1001 573 δημοκρατίαν
1022 482 1059 552 δὲ
1081 481 1252 562 πολιτείας
1272 483 1345 550 καί

245 595 344 683 περὶ
370 593 442 677 μὲν
469 587 802 683 ἀριστοκρατίας
831 591 899 657 καί
932 588 1155 676 βασιλείας
1180 591 1345 678 εῖρηται

244 693 305 779 (τό
333 695 409 789 γαρ
438 701 536 791 περί
562 701 635 789 τῆς
661 695 838 790 ἀρίστης
865 697 1094 778 πολιτείας
1124 700 1345 788 θεωρῆσαι

242 801 366 873 ταύτό
394 807 465 874 καί
485 800 763 896 περὶτούτων
785 807 906 875 ἐστὶν
926 805 1061 874 εἰπεῖν
1088 807 1166 874 τῶν
1193 799 1343 892 ὄνομά·

243 943 334 1000 των,
364 910 571 1002 βούλεται
604 910 681 1007 γοίρ
712 915 893 1005 ἑκατέρα
921 916 1007 980 κατ’
1037 907 1193 1005 αῖρετὴν
1223 936 1343 981 συνε-

243 1015 395 1090 στοίναι
415 1025 767 1112 κεχορηγημένην)
787 1017 836 1088 ἔτι
856 1021 895 1089 δὲ
915 1020 949 1090 τί
966 1021 1180 1110 διαφέρουσιν
1192 1013 1342 1108 imitor

240 1124 473 1220 ἀριστοκρατία
489 1130 544 1196 καί
561 1129 724 1216 βασιλεία,
745 1129 800 1196 καί
819 1121 903 1196 πότε
925 1130 979 1196 δεῖ
998 1127 1168 1213 βασιλείαν
1186 1127 1340 1214 νομίζειν,

240 1229 411 1327 διώρισται
425 1230 598 1328 πρότερον,
616 1229 733 1304 λοιπὸν
750 1235 830 1326 περὶ
851 1233 1023 1314 πολιτείας
1043 1235 1192 1302 διελθεῖν
1214 1235 1274 1324 τῆς
1290 1235 1340 1322 τηῖ

239 1347 336 1432 κοινηῖ
347 1343 670 1436 προσαγορευομένης
691 1335 827 1428 ὀνόματι
849 1343 905 1410 καί
926 1342 1005 1432 περί
1027 1343 1091 1410 τῶν
1112 1336 1219 1409 ἄλλων
1239 1342 1338 1409 πολι-

238 1450 334 1517 τειῶν
357 1476 385 1517 κ.
403 1475 432 1516 τ.
447 1451 474 1524 λ.
500 1456 609 1517 Verba
629 1456 659 1516 in
678 1455 782 1517 medio
803 1455 910 1536 posito
930 1453 972 1518 ad
995 1451 1070 1516 Vll.
1086 1462 1119 1516 et
1134 1454 1224 1516 Vlll.
1240 1455 1337 1517 libros

238 1564 412 1626 retulerunt
425 1563 632 1646 confingens,
648 1565 754 1626 Bartlr.
767 1563 919 1644 Hilarius,
937 1561 1007 1640 elii3
1026 1569 1124 1622 reete.
1147 1563 1197 1624 Da
1219 1560 1337 1642 optima

238 1671 320 1732 enim
344 1669 506 1750 republica
530 1679 563 1733 et
584 1670 624 1731 de
636 1661 871 1754 οίριστοκρατίᾳ
888 1677 922 1730 et
949 1686 1047 1750 regno
1070 1667 1233 1748 disputare
1254 1666 1336 1730 idem

238 1786 305 1856 est3
327 1777 444 1840 dietum
459 1786 563 1839 autem
586 1786 637 1839 est
651 1777 691 1840 de
706 1765 940 1861 ἀριστοκρατίᾳ
959 1785 991 1838 et
1010 1769 1121 1856 regno,
1143 1793 1221 1858 argu
1241 1776 1336 1838 etiem

235 1886 276 1950 (le
298 1889 415 1969 optima
436 1887 608 1968 republica.
650 1888 700 1950 De
722 1888 841 1966 optima
861 1895 968 1948 autem
991 1885 1161 1970 republica¹
1176 1885 1336 1948 disserere

235 2000 402 2058 eonstituit
429 1996 460 2056 in
489 1994 552 2056 flue
574 1996 643 2056 libri
665 1995 719 2056 lll.
741 2003 774 2056 et
796 2011 909 2054 revera
932 1991 1083 2054 disseruit
1105 1991 1181 2052 libro
1204 1991 1278 2052 Vll.
1302 2000 1335 2052 et

234 2103 325 2162 Vlll.
361 2100 467 2180 Quum
486 2108 592 2162 autem
611 2099 674 2160 hoo
689 2098 761 2160 loeo
773 2097 984 2179 signilinetur,
995 2116 1034 2159 ea
1045 2096 1087 2159 de
1098 2117 1134 2158 ro
1148 2116 1228 2179 quae
1246 2097 1333 2159 libris

236 2206 313 2269 Vll.
330 2214 364 2268 et
374 2206 462 2269 Vlll.
478 2213 631 2268 tractatur
652 2205 713 2266 iam
736 2203 853 2266 dietum
878 2221 970 2268 esso:
993 2203 1128 2266 effioitur
1148 2211 1224 2266 ante
1247 2203 1332 2268 buno

232 2315 336 2376 looum
354 2314 449 2376 libros
461 2314 536 2376 Vll.
549 2321 582 2375 et
593 2311 683 2375 Vlll.
694 2311 859 2393 ponendos
878 2329 962 2377 esse.
987 2310 1079 2390 Quae
1100 2312 1331 2392 argumentatio

232 2421 283 2484 his
294 2437 420 2503 quoque
431 2421 636 2484 oonlirmatur
647 2411 923 2503 νεταίεεὲκατίρα
933 2414 1004 2480 κατ’
1013 2405 1132 2502 ἀρετήν
1142 2404 1332 2480 συνεστάναι

232 2523 504 2612 κεχορηγημένηνχ
533 2527 658 2588 virtutis
687 2526 770 2588 enim
797 2519 935 2609 χορηγία
954 2543 1036 2606 quae
1057 2525 1099 2588 sit
1119 2525 1267 2604 exposuit
1288 2525 1330 2588 li·

225 2635 288 2698 ·bro
308 2637 380 2697 Vll.
415 2631 513 2712 Quod
532 2625 771 2696 Woltmannius
792 2651 876 2714 quae
891 2633 963 2694 istis
982 2633 1090 2698 verbis
1110 2630 1329 2715 significantur

232 2741 337 2803 omnia
358 2741 423 2822 legi
444 2740 475 2802 in
499 2740 593 2824 tertio
608 2739 685 2800 libro
697 2740 834 2820 putavit,
848 2741 930 2802 male
948 2759 1018 2802 eum
1033 2729 1216 2818 Aristotelis
1229 2739 1329 2804 verba

228 2846 429 2910 intellexisse
442 2851 546 2926 neque
562 2845 724 2928 cognitam
744 2845 898 2908 habuisse
920 2840 1036 2908 errandi
1053 2845 1327 2928 consuetudinem,

225 2962 319 3018 reete
338 2955 383 3016 eit
403 2952 607 3036 Spengelius.
629 2951 680 3014 Ad
703 2951 772 3014 libri
793 2953 878 3016 tertii
899 2953 1041 3016 ultimum
1064 2951 1231 3016 reserenda
1253 2954 1327 3034 qui·

225 3061 302 3124 ‘dem
319 3068 395 3122 sunt
417 3051 523 3124 verba
538 3049 587 3120 ἔτι
604 3053 641 3120 δὲ
652 3052 686 3120 τί
703 3054 916 3144 διαφέρουσιν
931 3046 1079 3143 ἀλλήλων
1094 3045 1327 3146 ἀριστοκρατία

229 3161 285 3228 καί
310 3158 480 3246 βασιλεία,
510 3159 565 3226 καί
592 3151 677 3226 πότε
703 3161 758 3228 δεῖ
783 3160 955 3246 βασιλείαν
984 3161 1127 3248 νομίζειν
1154 3156 1326 3254 διώρισται

228 3259 397 3358 πρότερον.
420 3271 465 3332 At
477 3289 557 3333 vero
572 3289 611 3334 ea
624 3289 707 3352 quea
717 3273 929 3354 praecedunt:
953 3270 1008 3336 καί
1021 3271 1100 3359 περί
1113 3270 1173 3356 μὲν
1187 3269 1324 3360 ἄριστο-

226 3371 398 3464 κρανίας..
411 3372 704 3466 ..κεχορηγημένην
716 3379 757 3442 ad
779 3382 905 3444 tertium
927 3383 1037 3446 librum
1059 3385 1220 3464 pertinere
1236 3381 1323 3443 nullo

226 3484 321 3550 ruodo
344 3493 478 3566 possunt
499 3503 559 3550 neo
581 3486 621 3550 ed
644 3488 715 3550 eius
737 3497 860 3570 partem
884 3491 1030 3571 priorem,
1048 3490 1078 3550 iu
1092 3487 1207 3570 quade
1225 3486 1323 3568 tribus

226 3592 462 3676 quaestionibus
478 3591 595 3659 dietum
611 3601 673 3676 est,
690 3611 752 3657 neo
770 3594 811 3660 ad
829 3596 1045 3677 posteriorem.
1067 3596 1100 3656 lo
1122 3604 1230 3658 autem
1244 3595 1322 3656 Ari·
1383 3621 1385 3626 v

228 3705 354 3767 stotelis
369 3723 438 3770 mos
451 3713 516 3787 est,
532 3715 641 3788 utque
656 3703 697 3767 δε
711 3725 746 3767 ro
763 3705 925 3786 superiore
939 3707 1012 3768 loeo
1026 3705 1153 3768 loeutus
1173 3706 1228 3787 ait,
1249 3724 1321 3770 earn

226 3811 255 3874 si
273 3815 511 3892 oomrnemoret‚
530 3821 702 3893 anteponet
718 3812 814 3874 rebus
833 3812 901 3874 aliis
922 3813 1007 3894 prius
1019 3812 1144 3896 quidem
1166 3814 1321 3878 traotatis.

239 3929 241 3938 '
309 3920 399 3983 XlV.
422 3922 482 3983 ltst
502 3921 593 3984 loeus
614 3920 696 3982 alius
718 3920 747 3982 in
767 3921 873 4002 eapite
884 3921 940 3981 lll.
953 3907 1021 3984 ''Err
1041 3909 1127 4006 πρὸς
1145 3921 1219 3994 ταῖς
1239 3909 1321 3982 κατὰ

226 4020 368 4090 πλοῦτον
380 4021 557 4112 διαφοραῖς
578 4019 666 4088 ἐστίν
683 4012 705 4111 ἦ
724 4020 785 4106 μὲν
805 4013 887 4088 noro?
907 4021 997 4108 γένος
1016 4015 1091 4112 ἠδὲ
1103 4025 1173 4090 κατ’
1188 4014 1318 4112 ἀρετήν,

170 4141 173 4148 ’
226 4156 285 4206 σαν
312 4132 345 4200 ελ
367 4155 401 4200 τι
431 4123 474 4220 δη
498 4131 645 4200 τοιοῦτον
672 4129 785 4221 ἕτερον
806 4133 931 4222 εἴρηται
957 4125 1087 4213 πόλεως
1112 4125 1196 4202 είναι
1220 4131 1319 4221 μέρος
