3118 4914
652 345 861 407 ..pp-

207 515 241 584 ἐν
271 517 448 606 τοῖςπερὶ
474 509 807 606 τὴνιίριστοκρατίαν
835 518 911 606 (τῆς
940 511 1205 606 ἀριστοκρατίας)
1235 511 1305 584 ἐκεῖ

207 619 269 712 γαρ
291 617 488 708 διειλόμεθα
508 620 544 691 ἐκ
557 618 670 692 πόσων
683 627 793 716 μερῶν
809 621 989 713 οίναγκαίων
1009 626 1081 694 ἐστὶ
1093 627 1186 694 πᾶσα
1196 619 1302 707 πόλις.

209 738 271 816 Qui
294 756 448 818 nusquam
471 741 582 801 referri
603 750 709 820 potest
731 743 790 802 nisi
811 741 852 803 ed
877 741 944 805 Pol.
957 741 1031 802 vii.
1044 741 1087 820 8.,
1111 740 1163 801 ubi
1184 757 1302 802 neees-

207 847 311 906 rerioe
341 848 480 908 civitatis
508 847 745 910 dinumerantur
774 858 893 930 peries.
938 849 1062 926 Quodsi
1084 849 1239 928 quispiam
1263 847 1303 908 ii-

207 953 296 1014 brum
321 953 394 1015 Vii.
417 949 497 1039 περὶ
519 951 579 1038 τῆς
599 944 737 1040 ἀρίστης
756 949 942 1032 πολιτείας,
967 974 1029 1016 non
1051 949 1208 1038 περὶτῆς
1227 941 1305 1036 οίρι-

208 1053 403 1144 σσοκρατίας
417 1061 575 1142 seriptum
598 1081 673 1124 esse
694 1069 805 1124 eontra
827 1061 956 1142 dixerit3
981 1063 1008 1122 is
1031 1079 1143 1122 seeum
1165 1067 1304 1142 reputet,

209 1169 358 1248 optimam
380 1169 446 1230 iibri
466 1169 538 1231 vii.
562 1171 786 1252 rempublicam
809 1192 871 1234 uon
894 1189 970 1233 esse
989 1191 1119 1254 regnum
1139 1169 1197 1232 sed
1220 1170 1306 1250 opti-

209 1277 336 1339 matium
359 1285 490 1356 statum,
512 1297 584 1338 eum
607 1287 713 1339 tomen
735 1297 777 1338 ex
799 1297 863 1360 quo
884 1295 1015 1358 regnum
1032 1279 1135 1358 possit
1156 1278 1304 1339 existere.

209 1383 450 1446 Woitmennius
464 1403 543 1446 vero
554 1385 617 1446 iliis
634 1387 740 1446 verbis
752 1383 928 1467 signiiineri
943 1385 1091 1465 opinatus
1104 1391 1155 1444 est
1168 1383 1236 1446 libri
1249 1385 1306 1444 ΙΙΙ.

208 1500 303 1570 eaput
315 1493 404 1572 xit,
423 1489 642 1574 Goettlingius
661 1495 767 1572 eapite
781 1492 855 1553 V11.
869 1500 902 1553 et
917 1491 1023 1570 Vitt3
1045 1499 1178 1570 utroque
1199 1499 1306 1552 autem

208 1596 278 1659 loeo
300 1615 402 1678 neque
425 1596 465 1658 de
486 1599 677 1660 necessariis
698 1599 836 1660 civitatis
850 1597 992 1678 pertibus
1010 1597 1159 1660 disseruit
1177 1597 1307 1658 Aristo-

210 1703 291 1764 tetes
311 1722 414 1784 neque
435 1698 515 1788 περὶ
536 1701 596 1786 τῆς
613 1692 874 1788 ἀριστοκρατίας,
895 1702 953 1765 sed
977 1704 1017 1766 de
1040 1705 1139 1766 altere
1162 1711 1195 1766 et
1216 1703 1308 1765 tertia

211 1811 401 1889 quaestione
422 1809 480 1882 [ei.
496 1783 529 1881 ’5.
550 1808 602 1871 39.
624 1811 703 1880 40.).
1236 1811 1241 1822 ‘
1361 1799 1363 1803 ’

295 1913 378 1976 Cum
401 1914 464 1977 hoo
485 1915 557 1977 loeo
579 1917 775 1997 ooprdondus
796 1927 847 1978 est
868 1917 968 1997 eiius,
998 1916 1049 1998 qui
1072 1917 1159 1978 seius
1181 1904 1308 1996 quidem

212 2043 275 2085 non
297 2027 445 2105 meg'nem
473 2024 571 2086 habet
600 2024 841 2106 argumentandi
869 2027 955 2102 vim,
985 2025 1172 2087 oorriuuotus
1203 2031 1308 2084 temen

211 2148 284 2193 oum
306 2131 368 2194 hoo
389 2149 468 2194 sane
487 2131 604 2212 aliquid
625 2133 723 2194 volet.
745 2133 806 2193 Est
820 2140 927 2193 eutem
940 2132 1006 2192 hio:
1030 2131 1096 2192 Pol.
1110 2117 1309 2213 rumpe-

212 2230 406 2321 σσοκρατίαν
417 2231 477 2316 μὲν
488 2223 544 2298 οὖν
556 2234 662 2309 καλῶς
676 2228 744 2314 ἔχει
756 2233 867 2298 καλεῖν
883 2255 910 2298 π
922 2232 986 2319 ερί
1004 2224 1051 2319 ἧς
1070 2223 1310 2320 διήλθομεν

213 2337 254 2406 ἐν
276 2344 367 2416 τοῖς
386 2332 567 2430 προίτοις
587 2333 728 2425 λόγοις
749 2349 785 2421 (i.
808 2365 836 2405 e.
858 2347 889 2405 in
910 2345 988 2404 libro
1010 2330 1311 2425 111.etV11.)‚nir

212 2444 275 2538 peip
302 2449 339 2517 ἐκ
367 2451 432 2516 τῶν
460 2444 603 2541 ἀρίστων
630 2443 745 2528 οίπλαίς
765 2451 835 2516 κατ’
858 2443 977 2540 ἅρετήν
998 2447 1167 2516 πολιτείαν
1188 2447 1243 2514 καί
1264 2439 1311 2534 μή

212 2550 298 2644 πρός
317 2549 482 2624 ὑπόθεσίν
502 2582 575 2624 τινα
596 2550 732 2644 ἀγαθοῖν
753 2550 880 2646 ἀνδρῶν
899 2549 1000 2646 μόνην
1027 2555 1153 2624 δίκαιον
1181 2576 1311 2644 προσα-

212 2657 359 2754 γορεύειν
379 2660 650 2756 ἅριστροιιραιίαν
673 2671 888 2746 (oi.Pol.1V.
906 2673 931 2734 1.
951 2690 1033 2754 quoe
1051 2669 1092 2734 de
1116 2669 1233 2752 optima
1254 2686 1311 2731 re-

211 2755 339 2857 ¹publicu
360 2776 441 2838 dixit
462 2784 495 2838 et
516 2775 556 2838 de
578 2776 712 2838 civitate
734 2769 771 2852 ἐξ
791 2763 1004 2848 ὑποθέσεως)

297 2884 374 2946 XV.
397 2884 520 2946 Locum
541 2885 681 2962 tertium,
703 2883 755 2963 qui
773 2881 814 2945 ed
829 2882 940 2946 librum
953 2882 1030 2946 Vll.
1042 2878 1233 2944 referendus
1247 2885 1310 2959 est,

214 2999 304 3054 reete
324 2989 495 3070 adscripsit
515 2991 625 3052 Barth.
645 2991 787 3052 Hilarius
809 2989 895 3060 (Pol.
914 2987 973 3053 lV.
992 2989 1056 3058 dit
1079 2974 1136 3047 τόν
1155 2972 1253 3046 αὐτόν
1273 2977 1311 3044 δὲ

213 3084 337 3183 τρόπον
357 3091 496 3158 uniordo
516 3088 897 3180 εἰρημένανπολιτειιόν·
918 3087 973 3154 καὶ
993 3079 1054 3176 γαρ
1068 3084 1105 3153 αἱ
1122 3079 1236 3162 πόλεις
1253 3077 1311 3150 οὐκ

216 3203 254 3288 ἐξ
271 3196 343 3282 ἑνός
355 3198 425 3270 ἀλλ’
439 3202 476 3272 ἐκ
496 3203 626 3270 πολλῶν
648 3195 829 3290 σύγκεινται
849 3201 968 3292 μεροῖν,
988 3195 1124 3292 ὥσπερ
1144 3201 1311 3289 εἴρηται

214 3303 431 3389 πολλάκις.
475 3314 667 3377 Aristoteles
689 3313 803 3378 deinde
827 3315 969 3376 civitatis
997 3321 1105 3395 partes
1134 3313 1310 3375 dinumeret

208 3403 328 3488 *eedem
350 3423 419 3486 fere
439 3424 573 3504 retione,
595 3441 691 3504 quom
714 3433 846 3486 secutus
867 3434 919 3486 est
943 3425 1009 3488 Pol.
1031 3424 1103 3486 Vii.
1124 3422 1165 3484 8..
1189 3419 1311 3484 Goett-

216 3532 333 3616 lingius
348 3539 380 3592 et
390 3531 631 3595 Woltmounius
645 3529 728 3592 huno
743 3530 846 3592 looum
861 3529 901 3592 ed
915 3530 1026 3593 librum
1041 3532 1097 3592 111.
1110 3527 1310 3592 referendum

210 3627 294 3701 'esse
323 3646 526 3702 censuerunt.
579 3639 625 3699 At
646 3655 723 3700 vero
745 3637 936 3718 reipubliure
957 3645 1067 3721 portes
1088 3655 1219 3719 quornm
1242 3635 1311 3698 Pol.

217 3745 274 3806 lV.
295 3745 363 3808 3ot
382 3747 410 3813 t
426 3745 542 3810 mentio
565 3752 615 3807 est
638 3752 670 3806 et
691 3763 751 3808 eae
772 3745 812 3808 de
834 3747 949 3828 quibus
972 3748 1002 3808 in
1024 3745 1107 3808 libro
1128 3747 1185 3808 lli.
1206 3762 1311 3826 quoe-

219 3854 283 3913 stio
317 3860 367 3912 est
397 3853 491 3933 piene
521 3851 603 3912 elioe
634 3859 708 3914 sunt
739 3859 773 3914 et
804 3853 883 3915 inter
913 3871 951 3914 re
989 3852 1145 3915 diversae.
1201 3851 1312 3915 Verbo

217 3949 375 4034 πολλάκις
396 3973 503 4025 nutem
525 3962 732 4045 philosophus
761 3963 876 4046 utitur,
904 3962 988 4045 quod
1019 3961 1059 4026 de
1088 3958 1201 4024 eedem
1222 3979 1258 4022 re
1279 3966 1312 4020 et

218 4071 287 4136 Pol.
311 4070 382 4131 Vii.
404 4069 434 4134 s
456 4071 535 4134 dixit
557 4080 590 4134 et
613 4071 671 4134 IV.
693 4071 726 4134 3.

313 4177 404 4243 XVi.
427 4179 479 4240 Ao
499 4177 540 4240 de
560 4179 608 4240 eis
631 4178 697 4242 iibri
719 4177 776 4240 iv.
798 4176 891 4257 louis,
914 4175 968 4257 qui
989 4173 1030 4238 de
1051 4173 1148 4238 rebus
1177 4187 1259 4254 quoe
1281 4169 1311 4232 in
