3124 4918
238 499 353 564 deiude
374 503 497 584 imperii
519 522 639 586 genere
661 502 849 588 distinguit,
872 507 1007 572 sitorum
1030 493 1242 583 ὀισπαιικόκ,
1275 505 1341 569 heri

238 609 267 670 is
292 625 425 688 servos,
447 611 500 691 qui
520 613 629 673 erosis
649 611 689 674 ιιί
712 611 743 674 iti
756 613 886 692 retent,
902 613 989 697 queri
1002 615 1063 676 sibi
1080 613 1243 682 eonduest
1263 614 1340 696 ipsi5

237 718 373 782 aiterum
395 704 608 797 οἰκονομικόν,
629 721 877 802 putrisfsrsiiiss‚
899 723 951 805 qui
973 731 1099 803 spectet
1119 721 1162 802 id,
1185 721 1269 803 quod
1291 721 1340 784 eis

236 826 289 908 qui
307 834 439 906 pereoot
455 827 623 890 eondueot
642 828 809 890 Distribuit
825 837 932 892 eutem
954 830 998 892 ito
1021 831 1116 892 etiem
1138 827 1340 909 respubiiees

234 932 267 997 iu
287 932 484 1013 probabiles,
507 934 538 996 iu
561 935 674 1016 quibus
688 915 902 1018 ioegrstrotuo
920 936 1027 998 omnio
1044 936 1184 998 reserent
1205 933 1245 996 ed
1266 952 1338 996 estu

236 1053 384 1122 αιιιιιιιιι,
408 1060 491 1123 quse
514 1043 625 1124 genuit
646 1042 826 1122 civitatem,
846 1053 878 1106 et
900 1045 931 1106 iu
952 1044 1148 1126 perniciosos
1171 1031 1339 1128 (ἡμαρτη-

236 1141 352 1229 μένας,
381 1134 604 1232 παρεκβάσεις
624 1143 688 1210 τῶν
709 1136 861 1233 ὀρθῶν),
888 1151 919 1212 io
941 1151 1078 1233 quibus,
1101 1152 1154 1233 qui
1174 1153 1339 1232 imperent,

234 1253 277 1321 sd
298 1271 390 1318 suum
414 1255 548 1336 quisque
570 1255 735 1318 utilitatem
759 1255 858 1318 refert
881 1259 996 1318 omnio.
1047 1255 1131 1318 Suut
1156 1239 1235 1318 vere
1259 1275 1333 1338 pre-

236 1359 351 1442 buhiiie
372 1362 564 1442 reipublioee
585 1380 706 1444 genere
729 1363 806 1443 trio,
829 1363 993 1444 imperium
1015 1367 1109 1426 unius
1132 1362 1162 1426 ir.
1181 1385 1213 1427 e.
1236 1365 1338 1448 regis,

180 1523 183 1527 .
234 1471 428 1552 singulorum
451 1471 481 1532 h.
503 1471 765 1554 eloptimotium,
786 1472 893 1553 pepuli
916 1471 947 1534 h.
969 1490 998 1534 e.
1021 1472 1194 1552 pepulere,
1224 1479 1258 1532 et
1277 1479 1332 1534 te·

235 1578 333 1642 tidem
352 1580 531 1660 peruieiess
549 1580 611 1644 iilis
630 1582 801 1659 contrario,
819 1580 1001 1645 dominatos
1023 1581 1164 1659 tyranni,
1187 1577 1335 1649 iectionis

233 1672 448 1770 (ὀλιγαρχία),
471 1696 506 1748 et
525 1688 631 1770 piebis
654 1682 918 1773 (δημοκρατίαν).

315 1801 382 1862 λιιι
397 1797 439 1863 tie
453 1800 552 1864 tribue
566 1801 755 1882 perniciosis
771 1801 1068 1884 rerumpublicarum
1085 1800 1187 1866 modis
1202 1819 1338 1866 seeors·

233 1905 296 1968 tius
310 1903 396 1968 dieit,
419 1905 580 1988 'i'yrenois
602 1916 654 1970 est
673 1905 858 1988 despotieus
880 1910 913 1968 in
932 1906 1021 1969 cives
1038 1905 1219 1969 dominatus
1234 1907 1335 1968 ιιιιίιιι.

233 2009 337 2090 Quum
359 2021 467 2076 tutem
480 2010 603 2076 divites
618 2021 651 2076 et
667 2013 788 2095 eopiosi
808 2012 1001 2096 reipublicae
1017 2021 1183 2094 praesunt,
1201 2001 1336 2096 ὀλιχαρ-

230 2109 303 2194 χίαν
314 2135 470 2186 veeomus
482 2137 554 2182 eum
565 2119 756 2200 reipublicae
767 2127 897 2182 sutum.
919 2119 969 2182 iio
984 2128 1091 2185 eutero
1103 2128 1153 2182 est
1164 2114 1332 2204 δημοκρα-

230 2219 296 2304 τία,
306 2228 337 2292 ie
353 2246 416 2310 quo
426 2245 526 2310 penes
539 2246 698 2310 pauperes
715 2236 766 2292 est
778 2231 917 2291 emnium
939 2244 1193 2292 summitterem.
1215 2227 1335 2310 Neque

230 2335 314 2398 euim
329 2345 407 2416 quot
427 2337 494 2400 siut
506 2337 560 2418 qui
574 2339 743 2419 imperent,
767 2347 832 2402 teo
845 2333 1061 2418 quaerendum
1072 2344 1125 2398 est
1139 2353 1234 2416 quoru
1247 2333 1334 2396 divi-

231 2454 322 2508 tesoe
340 2447 406 2505 siut
420 2461 460 2506 ou
476 2461 645 2525 pauperes.
665 2445 750 2506 Nom
771 2461 868 2524 quum
889 2441 1007 2505 divites
1028 2441 1194 2522 imperent,
1216 2459 1333 2522 quom·

231 2551 284 2614 vis
304 2555 369 2616 siut
389 2573 519 2616 numero
534 2554 716 2636 superiores
731 2553 875 2637 reliquis,
890 2561 997 2616 temen
1012 2550 1076 2616 hee
1090 2566 1197 2634 genus
1211 2566 1336 2614 vooou-

230 2659 304 2734 dem
319 2671 370 2724 est
385 2649 573 2748 ὀλιγαρχίαι
593 2670 704 2726 eeutrs
726 2680 827 2744 penes
841 2678 1001 2744 pauperes
1020 2660 1050 2722 si
1068 2657 1189 2740 imperii
1210 2675 1336 2722 summo

229 2777 293 2850 est,
315 2771 462 2850 quemvis
485 2770 587 2832 minus
608 2769 695 2832 multi
717 2768 781 2832 siut
803 2787 897 2850 quam
918 2767 1056 2850 divites,
1086 2777 1193 2832 tomen
1222 2783 1333 2830 eorum

229 2877 394 2958 imperium
415 2864 588 2960 ὀλιγαρχία
608 2885 737 2938 nonest
753 2874 813 2938 sed
828 2867 1042 2960 ὀημοκρατία.
1064 2874 1217 2956 Sequitur
1236 2881 1334 2956 eaput

230 2983 309 3064 DL,
333 2982 418 3064 qued
447 2985 532 3046 visor
562 2984 661 3046 munit
684 2982 726 3046 ed
751 2984 972 3064 quaestionem
997 2979 1038 3044 de
1060 2981 1127 3062 eis,
1149 2981 1201 3062 qui
1221 2980 1332 3061 reipu-

231 3089 335 3154 biioee
357 3089 562 3174 proeiieieodi
584 3101 669 3154 suut.
708 3090 813 3180 Quum
836 3090 918 3152 enim
939 3089 1097 3172 imperare
1117 3088 1218 3151 veiint
1237 3085 1331 3168 pouoi

228 3195 366 3280 quidem,
389 3196 473 3279 qued
495 3195 627 3261 ditiores
648 3199 725 3280 siut,
748 3195 913 3260 multitudo
934 3191 1085 3280 (δῆμος),
1108 3193 1192 3278 quod
1215 3209 1329 3256 omues

227 3307 294 3368 siet
303 3305 402 3382 liberi,
414 3310 563 3389 quaestio
580 3307 678 3369 oritur
689 3306 730 3368 de
742 3307 826 3370 iusto
838 3293 1036 3390 ὀλιγαρχικῷ
1047 3313 1080 3368 et
1092 3294 1331 3388 ὀρμοκρατικῷ.

228 3411 301 3476 Hoe
321 3413 445 3496 quidem
470 3417 586 3478 iustum
609 3423 642 3476 et
662 3416 779 3478 iustum
802 3416 988 3496 simplieiter
1009 3413 1103 3496 quale
1126 3414 1181 3492 sit,
1202 3419 1234 3472 ut
1251 3427 1328 3492 per-

228 3521 396 3600 spicietur,
427 3522 554 3584 uberius
575 3519 796 3584 disserendum
823 3530 876 3584 est
904 3521 945 3584 de
974 3519 1119 3582 eivitatis
1139 3535 1239 3582 eousu
1260 3517 1278 3579 i.
1302 3535 1331 3580 e.

227 3644 283 3690 eur
304 3629 394 3692 eires
415 3638 533 3694 eeeeot
552 3627 653 3711 deque
674 3631 745 3694 eius
767 3631 838 3694 tioe.
889 3629 941 3692 Ad
962 3627 1199 3711 assequentium
1222 3635 1330 3692 eutem

228 3733 369 3798 eivitatis
389 3736 485 3800 onem
507 3739 562 3818 qui
580 3741 687 3820 magis
707 3739 890 3822 conterent,
912 3756 970 3802 ees
993 3737 1070 3802 dieit
1092 3745 1125 3802 et
1145 3736 1330 3820 sequotibus

227 3841 374 3906 libertate
394 3845 635 3926 otrtepoueudos
655 3865 732 3912 esso
753 3857 787 3912 et
808 3848 868 3931 eis,
891 3848 945 3930 qui
966 3845 1123 3930 progenie
1147 3845 1330 3928 superiores

226 3951 291 4016 siet
312 3951 365 4014 vei
389 3951 519 4016 divitiis.
561 3953 689 4034 Quibus
715 3957 828 4020 verbis
853 3958 1034 4041 adiungitur
1065 3955 1214 4042 quaestio
1236 3955 1331 4022 tertio

227 4059 271 4126 de
285 4060 350 4141 eis,
370 4062 422 4142 qui
443 4064 638 4145 reipubiieue
659 4066 865 4148 proefleieudi
886 4076 970 4134 suut
