3124 4918
214 527 329 596 rerinl,
351 523 448 610 longe
469 525 660 589 antecedere
681 525 809 609 legibus
831 523 874 586 rie
894 522 1053 607 eligendis
1075 523 1212 606 morie.
1246 524 1314 586 lra-

213 635 334 716 porinm
369 646 479 698 autem
513 635 711 716 optimatium
743 621 1014 718 (ἀριστοκρατία)
1046 633 1314 716 carthaginiense

213 743 297 826 qnod
311 741 352 805 etl
363 745 515 824 populum
524 739 661 826 (δῆμον)
673 751 705 805 et
722 742 893 806 factionem
904 730 1125 824 (ὀλογαρχὶαν)
1134 741 1312 820 inclinarit,

212 849 457 932 vituperandum
480 858 543 912 est.
566 850 754 912 intricavit
783 857 893 912 antem
919 847 960 910 ad
986 841 1209 932 δημοκρατίαν
1227 849 1312 930 legi·

212 959 271 1021 bus
293 957 334 1020 rie
357 957 549 1038 plebiscitis,
571 957 611 1021 ed
626 955 798 1022 lectionem
813 957 941 1040 legibus
961 955 1003 1019 de
1022 941 1217 1038 peutarcbiis
1237 953 1313 1018 etc

212 1065 303 1128 viris.
346 1064 555 1146 optimatium
578 1075 686 1130 auteur
708 1067 873 1148 imperium
895 1085 936 1128 eo
957 1065 1112 1148 prodibat,
1135 1063 1219 1146 qood
1241 1081 1314 1126 rua-

212 1173 365 1254 penante
384 1173 496 1234 selecti
518 1189 580 1236 non
599 1173 750 1237 mercede
765 1175 825 1238 setl
840 1177 944 1254 gratis
960 1175 1185 1256 rempublicam
1197 1181 1313 1255 regnat

213 1297 405 1362 causaeque,
418 1296 531 1342 omnes
554 1296 616 1342 uno
638 1280 755 1344 iudicio
778 1280 996 1348 diiudicentur.
1020 1281 1206 1344 vectimer·
1226 1268 1313 1356 (ite

212 1373 380 1472 γαρχικόν)
399 1387 432 1451 id
453 1405 583 1469 qnoque
605 1405 682 1452 csse
702 1389 790 1469 dicit,
812 1388 896 1470 qnod
918 1407 982 1452 non
1003 1390 1131 1452 virtutis
1152 1387 1258 1450 adun
1280 1388 1313 1450 iu

215 1494 373 1577 eligendis
394 1495 640 1577 magistratibus·
656 1494 716 1558 sed
739 1496 835 1558 etiam
849 1495 1031 1558 divitiarum
1049 1497 1130 1557 ratio
1148 1495 1312 1558 habeatur.

215 1600 311 1666 Unde
331 1608 407 1684 quot
427 1600 622 1682 reipublicae
644 1601 729 1664 male
742 1610 826 1672 ‚nata
846 1605 912 1664 sint
933 1610 966 1664 et
988 1609 1118 1684 quanta,
1148 1601 1316 1684 diligenter

213 1708 343 1792 inquirit
372 1717 406 1773 et
429 1709 572 1790 exponit,
614 1709 732 1793 Neque
762 1729 803 1774 ea
833 1711 905 1789 lex,
935 1728 1020 1792 quae
1049 1713 1104 1774 uni
1127 1709 1219 1792 plura
1239 1727 1313 1774 mu·

212 1835 291 1884 nora
310 1817 483 1898 concessit,
505 1815 631 1898 probari
651 1816 715 1880 ullo
736 1816 831 1882 morlo
853 1825 973 1898 potest.

716 2021 744 2090 5.
766 2017 816 2080 35.

561 2156 610 2208 De
625 2155 709 2208 libri
725 2156 762 2210 11.
777 2155 895 2220 eapite
910 2155 975 2208 xit.

105 2357 107 2367 1
320 2273 534 2356 Disputationi
558 2274 601 2339 (la
620 2275 831 2340 diiudicandis
854 2273 1084 2358 rebnspnbliuls
1105 2289 1200 2358 quum
1229 2273 1313 2340 fictis

213 2389 281 2444 tuat
293 2401 338 2446 ex
346 2385 416 2445 vita
426 2383 584 2448 hominum
596 2385 732 2466 sumptis
743 2385 952 2468 philosophus
966 2377 1060 2446 linem
1074 2383 1151 2447 lacit
1163 2401 1231 2466 cop.
1240 2381 1315 2448 xli.

214 2489 323 2570 Quare
345 2491 523 2573 quicunque
537 2491 579 2555 tle
593 2491 758 2575 republica
772 2491 849 2574 qnid
864 2495 1116 2574 pronuntiarunt,
1131 2505 1188 2555 eos
1203 2503 1315 2556 omnes

213 2597 246 2660 in
267 2597 331 2660 nro
353 2598 467 2662 dividit
487 2607 616 2681 genera.
658 2599 721 2678 Qui
744 2601 860 2680 privati
880 2601 1073 2682 reipublicae
1094 2599 1228 2662 sormam
1252 2599 1315 2661 lin-

214 2714 329 2770 xerunt
348 2705 504 2787 legesque
525 2709 736 2787 scripserunt,
758 2707 789 2768 in
809 2707 912 2770 altero
934 2723 1055 2787 genere
1068 2705 1205 2788 ponendi
1223 2715 1312 2787 suut,

215 2814 246 2876 in
268 2813 369 2878 altero
390 2817 434 2895 el,
455 2815 509 2896 qui
530 2812 572 2876 ad
589 2814 811 2896 rempublicam
825 2813 1019 2878 accedentes
1033 2815 1127 2896 leges
1145 2813 1312 2878 dederunt.

216 2923 283 2988 Sed
304 2925 360 3006 qui
381 2925 443 2988 hoc
463 2927 497 2988 ln
517 2941 638 3007 genere
659 2933 746 3007 sunt,
769 2925 844 2988 item
869 2924 1060 2988 dividuntur.
1114 2927 1217 2989 Alteri
1242 2927 1316 2990 sire

216 3033 341 3096 civibus
361 3033 435 3096 sive
454 3033 524 3095 aliis
543 3031 637 3116 leges
658 3033 814 3110 tulerunt,
836 3033 927 3096 alteri
948 3034 1050 3115 ipsam
1083 3035 1317 3098 constituerunt

216 3143 456 3225 rempublicam,
486 3154 521 3203 ut
548 3142 721 3224 Lyeurgus
742 3152 775 3203 et
797 3143 907 3204 Solon.
956 3143 1007 3204 De
1037 3143 1193 3225 bycurgo
1215 3163 1313 3226 quum

136 3229 137 3234 ἵ
218 3253 397 3332 expositum
425 3251 488 3330 sit,
517 3250 578 3311 lroc
606 3251 679 3311 loeo
709 3248 751 3312 (le
780 3249 910 3312 Solonis
939 3250 1068 3332 legibus
1090 3251 1201 3312 dicitur
1222 3258 1255 3312 et
1275 3249 1316 3312 (le

220 3362 353 3423 civitate
365 3359 617 3422 Atheniensium.
639 3359 721 3420 'l'um
742 3356 783 3420 de
804 3357 1040 3438 legislatoribus
1063 3357 1255 3440 disputatur,
1277 3358 1319 3422 de

220 3468 377 3544 Zalenoo,
398 3465 439 3529 de
462 3464 645 3548 Charonda,
669 3465 821 3529 Philoleo.
853 3467 1022 3528 Postremo
1043 3465 1214 3528 nonnullae
1236 3485 1319 3528 eun-

220 3585 380 3643 merantur
392 3567 496 3662 leges,
513 3595 595 3660 quas
608 3578 802 3659 scripserunt
816 3575 992 3655 Philolaus,
1012 3571 1214 3656 Charondae,
1227 3572 1317 3636 Pne-

217 3689 302 3771 iem,
321 3690 425 3772 Plato,
448 3688 590 3768 Dracon,
613 3689 769 3769 Pitanem,
791 3681 1025 3747 Androdemas.

723 3853 751 3920 §.
775 3849 826 3908 36.

411 3985 533 4036 'l'ntnm
557 3984 684 4034 librum
704 3983 736 4036 ll.
760 3980 1021 4034 Aristotelem
1043 3991 1130 4032 esee·

303 4098 434 4162 Librum
454 4099 497 4162 ll.
517 4099 730 4182 conscriptum
760 4117 834 4164 esse
861 4098 904 4162 ab
924 4098 1119 4177 Aristotele,
1150 4095 1319 4160 lumlentie

219 4206 431 4298 demonstrari
456 4217 566 4292 puteat
590 4209 801 4294 argumentis.
845 4209 972 4274 lroeunr
1001 4207 1138 4290 primurn
1157 4207 1240 4270 iuter
1260 4223 1316 4270 ar-
