3118 4914
670 340 897 405 -109..

234 528 370 610 eligendi
393 533 425 598 in
451 528 584 612 ringulis
606 528 803 610 civitatibus,
829 537 863 592 et
885 529 997 610 quibus
1026 528 1067 591 de
1098 527 1193 590 rebus
1214 530 1262 590 eis
1284 529 1336 591 iu-

237 637 352 700 dicium
374 639 416 699 sit
438 636 709 702 committendum.
757 720 761 727 .

317 747 382 806 lum
406 743 445 804 ad
475 745 720 824 disputationem
753 745 853 825 ipsam
884 743 1140 826 progrediemur3
1172 743 1231 806 sed
1260 754 1335 808 unte

236 853 308 914 eliis
331 851 490 914 derebus
513 850 679 912 dicendum
704 861 771 928 ost3
791 860 824 912 et
845 853 977 932 primum
1004 852 1129 934 quidem

735 1083 765 1151 §.
788 1079 838 1140 63.

609 1233 645 1280 lie
664 1230 723 1280 llbrl
741 1231 787 1280 lV.
806 1227 969 1292 integritate.

323 1383 410 1446 Libri
424 1383 485 1446 lV.'
497 1393 593 1465 ceput
609 1385 681 1445 Vll.
702 1385 812 1467 inquo
832 1383 872 1446 de
893 1371 1146 1466 ἀριστοκρατίας
1168 1378 1338 1459 generibus

239 1489 418 1572 disseritur,
441 1493 599 1576 integrum
630 1511 705 1556 esse
740 1493 872 1574 negavit
895 1491 1098 1572 Contingius.
1147 1490 1226 1550 Eum
1256 1485 1339 1548 euim

240 1602 482 1684 disputationem
505 1605 682 1667 breviorem
706 1622 781 1666 esse
804 1605 890 1665 dixit.
919 1605 963 1664 At
983 1621 1061 1662 vero
1082 1600 1124 1662 ed
1147 1618 1217 1660 eum
1237 1613 1339 1658 occe-

159 1763 160 1766 ,
240 1709 330 1790 dunt,
353 1731 436 1792 quae
456 1711 496 1774 de
517 1707 672 1794 πολιτείᾳ
694 1713 896 1793 disputantur
916 1728 1007 1790 capp.
1032 1709 1087 1770 lX.
1114 1717 1146 1768 ct
1167 1707 1223 1769 Xl.
1247 1703 1340 1782 Quae

241 1817 352 1879 eudem
367 1818 407 1880 ed
419 1808 673 1904 ἀριστοκρατίας
684 1821 852 1900 pertinere,
866 1826 1053 1898 argumento
1067 1823 1157 1877 sunt:
1171 1813 1240 1876 Pol.
1250 1813 1340 1873 ΝΒ.

246 1915 325 1985 Τίνα
345 1921 405 2005 μέν
425 1913 480 1989 οὖν
499 1914 624 2014 τρόπον
645 1925 699 1990 δεῖ
717 1915 916 1990 καθιστάναι
938 1919 1123 2006 πολιτείαν,
1157 1912 1279 2004 ὁμοίως
1302 1917 1340 1984 δέ

241 2027 296 2094 καί
315 2020 376 2106 τάς
394 2023 636 2116 ὀνομαζομένας
663 2026 933 2122 ἀριστοκρατίας,
960 2033 1014 2100 νῦν
1041 2032 1177 2120 εἴρηται.
1208 2041 1241 2094 ct
1271 2032 1339 2094 Pol.

242 2143 300 2204 lV.
327 2143 374 2206 ll.
396 2139 463 2204 Kal
490 2133 553 2228 γάρ
581 2131 622 2217 ἀς
649 2141 783 2208 καλοῦσι
809 2137 1077 2232 ἀριστοκρατίας,
1105 2139 1185 2226 περὶ
1214 2129 1258 2204 ὦν
1286 2137 1342 2204 νῦν

242 2243 392 2328 εἴπομεν,
412 2240 530 2330 τάμὲν
551 2246 700 2336 ἐξωτέρω
721 2248 881 2316 πίπτουσι
899 2255 973 2327 ταῖς
997 2246 1170 2324 πλείσταις
1189 2245 1253 2311 τῶν
1275 2236 1342 2310 πό-

242 2349 336 2431 λεων,
356 2343 399 2414 τά
420 2349 457 2416 δέ
477 2352 638 2436 γειτνιῶσι
660 2354 701 2442 τῇ
722 2353 902 2441 καλουμένῃ
924 2351 1088 2439 πολιτείᾳ·
1109 2345 1162 2417 dod
1176 2351 1255 2440 περί
1270 2343 1338 2434 ἀμ-

243 2463 321 2548 φοῖν
341 2453 387 2537 οίς
408 2459 488 2544 μιάς
508 2459 649 2528 λεκτέον.
691 2469 727 2529 ln
751 2477 897 2549 promptu
919 2475 992 2529 sunt
1013 2467 1074 2529 loci
1096 2467 1158 2528 olii.

325 2572 412 2636 ldern
436 2571 628 2657 Conringius
651 2575 808 2657 capitibus
821 2577 897 2638 XV.
910 2584 942 2638 et
954 2576 1048 2638 xv1.
1064 2575 1261 2638 existimavit
1284 2572 1346 2635 de-

243 2696 316 2740 esse
338 2678 441 2746 lluern.
466 2683 591 2744 Etenim
614 2701 682 2763 cup.
694 2683 770 2745 XV.
786 2683 925 2746 mutilum
948 2701 1023 2746 esse
1045 2683 1244 2764 comprobari
1266 2701 1345 2744 ver·

246 2785 312 2866 bis,
341 2807 424 2870 quoe
453 2791 521 2851 eius
550 2791 610 2852 nub
637 2791 731 2852 finem
755 2792 918 2872 legenturr
939 2784 1012 2852 τίνα
1033 2784 1071 2851 δέ
1093 2782 1161 2851 τίσι
1182 2784 1345 2874 συμφέρει

244 2887 300 2954 καί
325 2889 398 2967 πῶς
426 2891 480 2956 δεῖ
504 2888 657 2977 γίνεσθαι
684 2885 745 2970 τάς
765 2885 980 2969 καταστάσεις
1002 2884 1071 2974 ἅμα
1092 2895 1167 2967 ταῖς
1188 2883 1346 2974 δννάμεσι

244 2995 309 3060 τῶν
330 2989 438 3086 ἀρχῶν
459 2997 514 3064 καί
534 2994 622 3076 τίνες
642 2996 735 3080 εἰσίν,
752 2995 844 3066 ἔσται
859 2989 1009 3088 φανερόν.
1033 3003 1083 3063 De
1097 3003 1208 3084 quibus
1222 3011 1347 3082 posteo.

247 3111 433 3173 'l'enendum
464 3121 513 3174 est
539 3121 667 3192 eutem,
697 3114 750 3176 illo
779 3112 906 3194 quidem
937 3112 967 3174 iu
996 3112 1101 3193 cupite
1124 3111 1198 3172 nihil
1221 3111 1346 3172 omuino

242 3215 427 3281 desiderari.
451 3223 516 3282 loru
535 3239 612 3283 vero
626 3229 659 3282 ut
671 3240 739 3303 enp.
753 3221 843 3282 XVl.
857 3240 915 3301 pro
934 3219 1043 3282 mutilo
1058 3219 1203 3298 heberet,
1225 3217 1348 3280 duobus

246 3329 444 3408 potissimum
467 3329 625 3392 adductus
647 3341 698 3393 est
718 3329 912 3408 rationibus,
927 3331 1070 3408 Quorum
1092 3345 1154 3390 nnn
1176 3335 1239 3408 est,
1261 3324 1344 3408 quod

246 3437 462 3512 „Aristoteles
483 3457 543 3500 non
557 3438 755 3520 disseruerit,
767 3457 851 3520 quoe
862 3436 978 3500 indicia
989 3437 1124 3519 singulis
1137 3436 1348 3498 convenirent

249 3547 550 3627 rerumpublicarum
564 3547 707 3608 formis.“
734 3549 778 3608 At
792 3563 875 3627 quae
889 3552 964 3626 epto
981 3545 1044 3606 sint
1065 3543 1105 3606 orl
1128 3537 1349 3628 δημοκρατίαν

247 3651 375 3737 iudicis,
400 3672 482 3736 quae
505 3655 546 3720 ad
567 3642 772 3740 ὀλιγαρχίαν,
794 3642 1055 3738 ἀριστοκρατίαν,
1076 3645 1255 3728 πολιτείαν,
1276 3653 1347 3735 ipso

250 3759 358 3821 ultimo
381 3772 606 3825 commemoret
628 3763 722 3826 buius
744 3763 857 3844 cepitis
879 3763 1048 3828 enuntiato.
1072 3759 1264 3845 Conringius
1286 3779 1350 3822 ou-

250 3877 313 3930 tem
343 3871 370 3929 si
399 3878 561 3955 speravit,
592 3877 661 3938 fore
687 3884 723 3937 ut
744 3893 805 3937 suo
829 3874 944 3956 cuique
966 3871 1081 3934 iudicia
1103 3871 1351 3933 attribuerentur

251 3969 474 4060 δημοκρατίας
502 3984 613 4058 generi
644 3990 677 4044 et
710 3969 900 4065 ὀλιγαρχίας
930 3988 963 4042 et
995 3967 1265 4063 ἀριστοκρατίας,
1295 3977 1349 4039 ni-

251 4083 330 4144 mius
353 4082 421 4146 luit.
466 4086 607 4148 Alteram
629 4089 780 4150 rationem
804 4105 880 4150 esse
902 4086 998 4166 dixit,
1023 4085 1106 4169 quod
1128 4106 1210 4162 „non
1225 4086 1348 4148 solenni

251 4189 427 4270 colophone
451 4191 642 4252 Aristoteles
663 4192 836 4254 orationem
859 4192 1094 4258 concluderet.“
1117 4194 1188 4256 lloc
1210 4191 1351 4255 Conrib-
