3118 4914
660 355 886 417 ..143-

228 530 314 620 magle
332 531 484 596 lnelegans.
520 532 721 599 Quodslautern
733 538 815 588 verbo
831 538 898 604 πλήν
916 535 1035 591 ουήπᾰσιν
1045 538 1189 610 ἐπάναγκες,
1202 540 1267 606 nlq'r
1280 547 1331 599 τοῖς

227 623 254 669 ’κ
271 624 322 670 τῶν
340 624 411 688 τριῶν
429 623 594 684 interpretor
612 626 723 675 Latine:
749 629 821 690 „uisi
848 633 918 693 quod
936 634 970 680 ad
995 633 1146 694 eligendum
1165 645 1218 682 non
1237 645 1331 682 omnes

226 717 403 778 cogebantur,
413 718 519 766 civibus
530 719 610 767 trium
621 720 748 770 classium
759 724 898 782 exceptis“
909 740 918 785 ;
929 729 981 774 tarn
993 727 1110 773 verbose
1121 737 1198 785 quam
1212 725 1330 774 obscure

225 806 319 867 Neque
337 811 408 855 recte
426 800 537 870 quider'n.
573 809 689 858 Efficere
707 810 775 859 enim
804 810 989 876 Goettliuglus
1015 816 1084 864 banc
1106 815 1194 864 voluit
1210 823 1331 865 sentem·

227 898 306 952 tiam:
331 899 404 960 „nisi
422 901 494 961 qnod
513 901 546 948 ad
571 900 723 963 eligendum
743 915 797 951 non
816 905 893 954 cives
913 907 1083 968 cogebantur
1101 919 1193 956 omnes
1209 905 1256 956 sed
1275 915 1331 956 tres

226 990 359 1042 classea.“
377 993 554 1042 scribendum
572 995 655 1055 igitur
672 1004 749 1044 erat:
766 993 831 1059 πλήν
848 991 878 1044 οὗ
894 995 971 1044 πᾶσιν
991 994 1136 1064 ἐπάναγκες,
1157 994 1218 1046 dilui
1235 1002 1285 1053 τοῖς
1303 995 1330 1046 ἓν

222 1084 273 1132 τῶν
290 1088 361 1148 τριῶν
378 1081 471 1148 μόνοις.
507 1087 659 1148 Simplicius
677 1090 765 1137 autern
783 1089 876 1136 eadem
894 1089 1062 1138 sententinet
1085 1089 1237 1138 accuratius
1254 1099 1325 1138 con-

227 1175 339 1225 lormari
358 1181 466 1238 poterat
483 1179 537 1228 ita:
562 1179 631 1240 „uisi
651 1181 722 1240 quod
742 1193 795 1229 non
814 1181 985 1243 cogebantur
1003 1181 1078 1230 cives
1098 1181 1196 1229 classis
1214 1183 1327 1241 quartae

227 1265 246 1315 l.
264 1279 287 1314 θ.
304 1263 368 1330 πλήν
385 1261 429 1314 οὖν
446 1262 585 1332 ἐπάναγκες
603 1273 653 1323 τοῖς
671 1265 698 1316 ἓν
707 1271 752 1316 τοῦ
762 1265 911 1332 τετόρτου.“
930 1267 1005 1334 Quae
1016 1269 1120 1331 quidem
1132 1270 1226 1332 verba,
1237 1269 1327 1328 credo,

226 1357 253 1406 in
271 1357 430 1409 edltltionem
448 1372 535 1421 aequo
555 1359 612 1408 iure
630 1360 710 1420 recipi
721 1367 855 1422 poterant,
874 1363 956 1421 atquc
967 1373 999 1410 ea
1027 1373 1094 1423 quae
1110 1361 1214 1419 recepit
1227 1361 1329 1408 (inett-

225 1449 332 1509 lingins.
367 1451 422 1498 latu
442 1463 507 1498 vero
524 1447 734 1512 consideremus,
759 1463 827 1512 quae
845 1452 880 1499 sit
896 1453 1070 1513 grammatica
1089 1452 1233 1499 verborum
1251 1457 1332 1498 stru--

227 1544 319 1590 utura:
337 1538 462 1606 αἱροῦνται
479 1535 573 1596 πάντες
590 1536 738 1606 ἐπάναγκες,
756 1537 811 1590 dil’
828 1538 855 1588 ἓν
881 1577 888 1589 .
908 1574 915 1589 .
935 1574 942 1589 .
960 1538 1015 1590 εἶτα
1036 1576 1043 1591 .
1062 1576 1069 1592 .
1089 1576 1095 1590 .
1114 1540 1170 1590 εἶτα
1194 1577 1201 1592 .
1220 1575 1228 1590 .
1247 1537 1330 1604 .πλη“ν

225 1625 254 1680 οὗ
284 1634 360 1680 πᾶσιν
385 1627 524 1696 ἐπάναγκες
547 1627 613 1694 aloia
641 1629 690 1686 τοῖςΙ
717 1629 745 1680 ἓν
773 1635 823 1681 τῶν
848 1636 927 1699 τριῶν·
954 1631 981 1682 ἓν
1007 1631 1035 1682 de
1058 1654 1082 1684 κ.
1111 1652 1134 1682 τ.
1162 1635 1184 1682 i.
1210 1633 1326 1682 Datlvtia

225 1724 294 1784 πᾶσι,
311 1729 361 1779 τοῖς
380 1722 448 1772 unde
467 1717 586 1785 pendet?
611 1723 809 1772 Emendandum
829 1729 904 1772 erat=
922 1721 987 1787 πλήν
1005 1720 1033 1771 οὐ
1051 1721 1146 1780 πάντες
1169 1722 1327 1788 (elpodorius)

225 1801 362 1880 ἓπάναγκες
378 1811 446 1878 nlq'r
463 1813 555 1864 τῶνέκ
572 1834 594 1862 κ.
613 1815 676 1862 ml„
713 1815 804 1863 Verba
830 1814 1034 1877 Goettlinglana
1062 1816 1141 1865 video
1159 1817 1185 1864 in
1206 1821 1247 1864 tot
1264 1829 1326 1864 esse

226 1908 254 1952 et
271 1905 355 1954 tantis
375 1906 589 1968 difficultatibus,
608 1909 637 1954 ut
657 1919 688 1954 ea
707 1907 731 1964 si
751 1911 904 1956 tutarentur
922 1906 1026 1957 codices
1045 1919 1146 1971 omnes,
1164 1909 1196 1956 ab
1217 1907 1327 1955 Aristo·

225 1994 278 2042 tele
296 1999 381 2044 minen
400 1996 578 2045 abiudicanda
596 2008 657 2045 esse
676 1997 801 2046 dicerem.
829 1995 907 2062 Quae
925 2009 1004 2059 quum
1023 1997 1061 2046 ita
1078 1997 1141 2048 sint.
1160 1995 1325 2046 redeundum

225 2091 269 2136 est
286 2087 319 2136 ad
337 2090 498 2154 scripturam
516 2089 650 2142 codicum.

292 2179 407 2229 Primum
434 2179 515 2242 igitur
532 2179 560 2226 ln
578 2177 689 2228 medium
715 2178 824 2230 veniant
843 2181 927 2230 verba
944 2181 1024 2233 baec:

291 2268 416 2337 αἶροῦντυι
436 2271 486 2334 μὲν
511 2267 556 2336 yde
581 2267 676 2326 πάντες
693 2266 830 2335 ἐπάναγκες
836 2303 846 2334 ,
872 2266 924 2320 u'll’
946 2269 974 2320 ἓν
990 2273 1035 2319 τοῦ
1051 2267 1151 2336 πρώτου
1178 2259 1328 2333 τιμήματος.

226 2358 282 2410 εἶτα
301 2355 377 2410 πάλιν
395 2361 459 2415 ἴσους
477 2356 504 2407 ἔκ
522 2362 568 2408 τοῦ
585 2357 709 2424 δευτέρου.

293 2449 448 2498 particulae
466 2441 518 2495 ἄλλ’
537 2453 628 2496 notem
647 2446 813 2496 numeralem
831 2444 849 2521 l¹
865 2441 1041 2512 (ἐνενήκοντα)
1051 2449 1219 2500 substituere
1237 2449 1327 2498 voluit

224 2541 357 2590 Muretus.
392 2541 418 2590 le
436 2539 538 2604 quidem
555 2539 619 2590 illud
640 2540 806 2590 enuntiatum
824 2553 877 2590 non
897 2546 970 2590 recte
988 2553 1019 2589 sc
1037 2541 1132 2590 babere
1146 2541 1239 2591 sensit.
1258 2537 1327 2603 Qirld

224 2632 294 2684 enlm
312 2632 361 2682 sibi
379 2633 440 2683 vult
457 2632 525 2682 lllud
558 2633 643 2695 ἴσους,
670 2644 750 2694 quum
768 2636 833 2694 quot
850 2630 971 2696 deligant
989 2636 1118 2692 quattuor
1136 2631 1203 2680 illae
1221 2631 1327 2680 classes

224 2729 288 2774 aute
306 2723 405 2772 dictum
426 2735 479 2773 non
496 2715 553 2772 siti
588 2719 673 2786 Quam
694 2722 878 2772 difficultatem
898 2727 927 2771 ut
944 2731 1107 2784 τευτυνετετ,
1125 2724 1249 2770 Muretus
1260 2733 1324 2769 ver-

224 2815 264 2864 bis
282 2827 420 2864 numerum
437 2816 518 2862 istum
536 2813 707 2874 interponere
726 2815 824 2864 voluit.
858 2816 913 2870 ,Sed
933 2814 958 2862 id
976 2814 998 2861 si
1017 2813 1123 2876 leceris,
1154 2825 1245 2862 novae
1265 2810 1327 2862 inda

224 2903 402 2954 difficultates.
437 2904 529 2964 Neque
548 2904 617 2951 enim
637 2906 668 2950 de
699 2917 790 2951 eornm
810 2904 854 2966 qul
878 2904 1016 2966 eliguntur
1042 2916 1152 2950 nutriero
1188 2905 1239 2951 boc
1264 2904 1328 2954 lucc

225 2999 350 3062 quaestio
368 3005 420 3059 est,
439 2995 486 3044 sed
504 2995 550 3057 qui
568 2996 810 3058 eliguntquotsint
828 2997 979 3059 quaeritur,
998 3003 1076 3044 etex
1094 2996 1326 3057 quibus-delectus

220 3092 268 3144 liar
285 3097 312 3140 et
331 3091 474 3150 quomodo.
510 3090 629 3148 Namque
656 3101 692 3138 em
715 3087 815 3149 primu
834 3087 923 3136 classe
950 3087 1051 3150 eligere
1068 3087 1107 3136 alt
1124 3088 1188 3151 lege
1210 3098 1324 3140 coactos

224 3195 334 3243 omnes,
361 3192 397 3228 erc
420 3178 510 3228 tertia
538 3183 650 3228 coactos
670 3180 748 3228 trium
768 3179 843 3228 cives
861 3179 1005 3240 classlunu
1030 3192 1066 3229 τω
1084 3180 1191 3242 quarta
1211 3183 1323 3228 coactos

224 3273 318 3324 nullos
344 3272 393 3322 nisi
420 3271 492 3318 cives
517 3269 644 3318 classium
671 3271 794 3318 duarum.
829 3269 878 3319 Em
905 3271 1003 3320 altera
1021 3283 1087 3319 reru
1105 3269 1151 3331 qui
1180 3269 1282 3332 eligant
1299 3270 1327 3318 el

224 3368 375 3430 quomado,
400 3370 473 3414 certe
491 3363 607 3426 intelligi
627 3377 681 3412 non
709 3368 797 3426 potest
815 3378 847 3413 ex
865 3365 903 3414 eis
922 3365 1030 3428 verbis,
1059 3378 1127 3426 quae
1146 3364 1276 3428 leguntur
1296 3365 1324 3414 in

223 3460 359 3509 codicibus
386 3455 441 3506 εἶτα
466 3451 541 3505 πάλιν
558 3459 622 3511 ἴσους
646 3453 674 3504 ἓν
690 3459 736 3504 τοῦ
762 3453 884 3522 δευτέρου.
920 3455 1012 3520 Quare
1031 3456 1090 3504 mlbl
1108 3456 1167 3504 visa
1184 3460 1324 3505 suntcor-

224 3559 303 3614 rupta
321 3565 404 3614 eoque
431 3549 535 3612 magis,
563 3563 614 3610 quio
633 3553 696 3597 sunt
730 3549 763 3596 ad
788 3549 980 3596 emendandum
1006 3547 1142 3598 faciliora.
1177 3549 1236 3596 Una
1253 3545 1323 3596 enlm

223 3641 387 3706 dipbtbongo
406 3649 539 3702 correcta,
557 3639 647 3688 omnia
665 3639 747 3700 plana
765 3642 871 3687 suntet
889 3637 1050 3699 perspicua:
1068 3634 1192 3704 αἱροῦνται
1208 3636 1258 3700 μὲν
1276 3633 1321 3703 γᾰρ

223 3727 316 3787 πάντες
333 3729 477 3798 ἐπάναγκες,
495 3726 547 3780 dil'
565 3728 592 3779 ἓν
609 3733 654 3780 τοῦ
670 3729 770 3797 πρώτου
793 3727 939 3795 τιμήματος·
962 3727 1017 3778 εἶτα
1040 3724 1116 3778 πάλιν
1133 3729 1206 3783 ἴσως
1224 3725 1251 3776 ἔκ
1276 3732 1323 3776 τοῦ

224 3817 337 3886 δευτέρου
354 3825 447 3872 deinde
473 3823 536 3872 item
563 3821 753 3872 eodemmodo
781 3822 856 3886 (item
877 3821 1044 3878 necessario)
1063 3833 1096 3869 ex
1113 3820 1210 3869 alteru.
1245 3815 1321 3882 Quae

223 3914 359 3960 sententia
386 3915 495 3962 mirltlce
517 3915 694 3965 confirmator
720 3915 810 3964 verbis
829 3914 962 3974 Platonis,
990 3926 1058 3975 quoe
1083 3920 1146 3961 sunt
1172 3910 1198 3960 ln
1224 3912 1324 3974 Legum

222 4004 285 4054 libr.
313 4005 359 4054 Vl.
378 4019 403 4065 p.
431 4005 495 4053 756.
515 4007 544 4068 τῇ
570 4003 598 4054 δὲ
615 4001 730 4075 doregele
747 4011 825 4074 φέρειν
843 4003 871 4053 ἔκ
887 4007 938 4054 τῶν
955 4001 1075 4073 δευτέρων
1100 4000 1189 4052 aare?
1213 3997 1324 4051 rodun*

222 4091 387 4164 καθάπερ
406 4113 420 4142 r
429 4098 443 4157 ᾖ
459 4092 617 4160 πρόσθεν
635 4099 703 4158 (non
720 4099 785 4152 ἴσους
802 4099 850 4145 sed
867 4098 946 4154 ἴσως).
982 4100 1138 4160 Sequuntur
1154 4096 1238 4144 baeca

289 4185 337 4236 εἶτ’
354 4183 381 4234 ἓν
398 4187 448 4233 τῶν
466 4187 570 4249 τρίτων,
599 4184 664 4250 nlq'r
683 4183 712 4234 οὖ
728 4190 804 4235 πᾶσιν
827 4183 965 4252 dordunum
982 4181 1012 4252 ἢν
1037 4193 1088 4243 τοῖς
1106 4185 1133 4236 ὃν
1158 4188 1208 4235 τῶν
1231 4188 1321 4252 τρίτων

221 4278 235 4348 ἢ
252 4277 387 4348 cordurum
