3118 4914
569 347 861 412 ·-⁷t-

232 520 394 616 ἐπιβάλλῃ
424 525 526 612 περὶ
551 523 631 612 τῆς
657 515 853 610 τοιαύτης
874 518 1044 598 πολιτείας
1063 513 1086 608 ἦ
1106 521 1226 614 σκέψις
1246 527 1333 596 ellici

232 640 348 722 aliquid
358 657 456 721 posse
468 638 658 720 putaverim.
682 633 749 700 Sed
760 652 954 718 quaeramus
966 635 1104 716 vestigia
1116 635 1189 698 alia.
1213 635 1332 699 Ultimo
1415 626 1419 632 ’

231 749 265 810 in
287 749 394 830 capite
418 747 505 812 Vlll.
532 745 612 808 haec
632 751 726 808 suut:
752 732 859 804 ἄλλων
875 733 938 826 γάρ
959 735 1029 804 ἐστι
1049 739 1188 826 καιρῶν,
1220 745 1333 825 quibus

231 855 372 919 indicare
391 855 473 917 solet
495 872 553 916 eos
577 856 676 930 locos,
698 857 752 936 qni
775 862 952 916 tractantur
975 872 1091 935 magun
1112 855 1216 934 spatio
1229 855 1332 916 inter-

232 963 346 1044 posito.
371 961 426 1023 llla
443 961 543 1024 verba
559 969 664 1022 antam
682 960 839 1041 pertinent
855 957 895 1021 ad
911 959 982 1023 Pol.
995 960 1038 1022 V.
1049 957 1080 1020 3.
1095 969 1128 1022 et
1142 959 1186 1042 7.,
1199 979 1284 1041 quaa
1302 961 1331 1022 si

233 1072 419 1136 retinendus
442 1081 529 1134 esset
550 1071 698 1134 librorum
721 1070 811 1152 ordo,
831 1072 862 1133 iu
879 1070 991 1134 eadem
1008 1073 1334 1134 esseutl'oliticornm

233 1189 333 1262 parte.
355 1181 442 1243 ldcm
465 1177 549 1242 cadit
569 1180 600 1242 in
622 1196 673 1257 ea,
697 1185 872 1260 quaesunt
892 1179 924 1240 in
945 1181 1051 1258 capite
1074 1178 1123 1240 tx
1126 1221 1257 1242 .....
1275 1168 1333 1260 τήν

233 1276 320 1373 πρός
340 1275 578 1372 τούςόἰῤῥενας
597 1273 739 1369 ποιήσοις
759 1273 898 1365 ὁμιλίαι,
916 1281 996 1371 περὶ
1007 1273 1046 1372 ἧς
1066 1277 1098 1346 εἰ
1111 1273 1277 1372 φαύλωςῆ
1286 1275 1334 1373 μή

232 1381 369 1480 φαύλως
396 1387 509 1477 ἕτερος
535 1383 627 1454 ἔσται
653 1388 712 1454 τοῦ
741 1387 994 1480 διασκέψασθαι
1029 1379 1190 1477 carptim
1223 1395 1334 1476 quibus

233 1501 376 1566 eiusdem
399 1501 466 1564 libri
478 1501 520 1562 V.
533 1499 694 1582 siguificat
715 1518 807 1582 capp.
825 1501 978 1564 Xerxi.
1022 1501 1214 1564 Aristoteles
1235 1505 1334 1586 igitur

233 1609 284 1672 his
305 1610 367 1672 sibi
395 1611 475 1674 loeis
495 1617 551 1671 aut
572 1628 635 1672 non
657 1609 799 1674 constitit
827 1617 885 1672 aut
910 1609 1006 1670 alium
1030 1607 1163 1670 instituit
1184 1607 1333 1673 librorum

235 1715 385 1780 ordinem.

317 1822 376 1884 Vl.
398 1819 526 1884 lamed
548 1839 587 1884 ea
608 1829 796 1905 argumenta
818 1817 1116 1904 transgrediendum
1139 1829 1191 1884 ast
1203 1864 1214 1903 ,
1253 1839 1334 1902 quo-

234 1949 302 1992 rnm
324 1928 458 2011 plurima
481 1929 543 1990 iarn
565 1929 605 1990 ab
628 1929 697 1990 aliis
722 1929 752 1989 iu
774 1929 911 1990 medium
933 1929 1056 2008 prolata
1076 1935 1159 1990 sunt.
1209 1929 1336 2007 Optimo

235 2041 335 2114 ι’ςιλατ
356 2035 537 2112 respublica
555 2053 615 2111 per
635 2053 715 2113 perna
730 2036 869 2118 rependo
888 2037 941 2105 sit,
954 2031 1131 2113 investigat
1145 2033 1336 2098 Aristoteles

235 2143 305 2206 libri
326 2143 381 2202 lll.
405 2147 494 2222 parte
515 2139 634 2201 ultima.
657 2137 741 2215 Quid
764 2137 894 2203 nutem?
913 2140 1032 2200 Nonne
1050 2147 1164 2220 perget
1185 2138 1226 2202 de
1247 2141 1334 2222 opti-

234 2268 288 2314 ma
315 2248 475 2330 republica
502 2246 666 2326 disputare
694 2248 828 2326 eiusque
848 2264 1011 2327 exponere
1032 2246 1142 2329 leges,
1174 2246 1332 2328 instituta,

236 2353 460 2439 disciplinam?
485 2352 569 2434 Quid
581 2361 644 2415 tam
662 2371 681 2415 a
701 2370 783 2415 suno
804 2351 927 2434 ordine,
944 2351 1017 2435 qnid
1039 2364 1103 2416 tam
1129 2371 1148 2415 a
1169 2363 1259 2417 recta
1281 2353 1333 2416 di-

235 2464 384 2548 sputandi
404 2468 527 2527 ratione
547 2463 714 2544 abhorret,
742 2464 993 2544 quamprimum
1015 2464 1054 2523 de
1085 2467 1203 2542 optima
1235 2482 1335 2542 repu-

236 2577 319 2637 blica
342 2574 459 2655 dicere,
480 2571 593 2634 deinde
614 2590 653 2634 aa
676 2571 889 2650 disputatione
905 2580 1027 2633 temere
1041 2572 1201 2651 praecisa,
1221 2575 1260 2634 de
1281 2594 1336 2634 re·

235 2680 332 2759 liquis
352 2679 530 2738 civitatibus
549 2675 568 2736 i.
589 2694 618 2744 e.
633 2676 693 2736 alia
706 2675 746 2736 de
767 2693 803 2735 re
819 2675 959 2756 diversa',
984 2683 1049 2736 tum
1064 2676 1115 2736 his
1130 2677 1336 2757 interpositis,

235 2783 355 2847 reverti
377 2786 586 2854 adoptimum
611 2782 856 2858 rempublicam,
888 2799 1024 2862 eamque
1051 2784 1267 2863 quaestionem
1294 2783 1336 2846 ad

235 2891 331 2954 linem
346 2887 529 2971 perducere.
552 2890 624 2950 lloc
636 2893 668 2950 in
683 2890 889 2951 Aristotelem
905 2898 994 2952 certe
1010 2891 1126 2954 cadere
1142 2911 1204 2954 non
1217 2901 1335 2974 potest.

207 3017 212 3024 ·
318 2997 393 3062 Vll.
417 2995 545 3061 lamed
568 3005 664 3080 caput
685 2998 811 3060 XVlll.
825 3000 1040 3080 pervenimus.
1085 3001 1146 3064 Cui
1163 3003 1335 3084 compluria

235 3109 342 3170 insunt
361 3114 563 3189 argumenta,
585 3124 667 3187 quae
689 3107 808 3187 primus
819 3107 985 3188 indagavit
1000 3112 1114 3189 partim
1131 3109 1336 3193 conringins,

237 3216 348 3296 partim
362 3216 516 3293 Hilarius,
531 3215 641 3296 partim
655 3195 861 3294 Spengelius.
884 3215 952 3276 Sed
963 3215 1003 3276 ad
1023 3236 1089 3278 rem
1111 3221 1213 3299 ipsam
1235 3234 1336 3278 acce-

238 3323 359 3384 damus.
383 3322 440 3382 lllo
455 3324 549 3400 igitur
565 3322 669 3401 capite
687 3323 880 3384 Aristoteles
898 3321 1103 3402 probabilium
1126 3323 1335 3402 rerumpubli-

237 3446 426 3492 catumeum
440 3428 588 3507 optimam
602 3448 675 3490 esse
688 3429 764 3490 dicit
781 3433 833 3490 cui
851 3430 994 3511 praesint
1006 3431 1127 3511 optimi,
1146 3430 1218 3490 sive
1229 3436 1334 3489 status

168 3612 173 3620 ,
238 3540 280 3601 sit
295 3540 411 3621 regalis
427 3541 499 3599 sive
515 3539 721 3619 optimatium,
742 3545 772 3602 iu
795 3562 858 3624 quo
881 3545 932 3606 alii
954 3546 1078 3624 possint
1102 3541 1335 3620 obtemperare,

237 3647 395 3728 imperare
412 3648 465 3708 alii
479 3651 582 3708 omnia
604 3649 782 3710 relerentes
805 3651 851 3711 ad.
869 3657 966 3714 vitam
989 3650 1137 3730 optimam
1159 3633 1260 3730 (προς
1280 3632 1338 3728 τήν

238 3739 458 3836 αἱρετωτάτην
467 3739 576 3835 ζωήν).
595 3753 855 3833 Optimaeautem
865 3756 1051 3835 reipublicae
1060 3754 1181 3816 civibus
1191 3753 1337 3836 qnoniam

237 3847 323 3945 πρός
333 3849 391 3942 τήν
402 3847 623 3944 αἱρετωτάτην
633 3851 719 3944 ζωήν
732 3865 836 3923 omnia
852 3862 1019 3925 referenda
1040 3873 1124 3942 suni,
1147 3861 1286 3942 inprimis
1299 3879 1339 3922 aa

239 3988 321 4051 quae
334 3968 376 4029 sit
388 3966 552 4029 sciendum
571 3977 631 4028 est.
654 3969 743 4048 Ergo
753 3972 886 4050 primum
899 3969 1094 4031 instituenda
1106 3970 1277 4050 disputatio
1287 3978 1338 4030 est

239 4078 280 4142 de
297 4063 499 4161 αἱρετωτάτη
516 4071 595 4162 ζωῇ.
617 4079 707 4142 llcce
729 4088 835 4143 autem
856 4081 955 4141 tribus
979 4078 1065 4140 libris
1085 4078 1291 4159 interpositis,
1307 4076 1338 4136 in

240 4183 307 4251 libri
334 4187 415 4256 Vll.
430 4185 560 4249 exordio
581 4185 627 4248 ita
648 4187 807 4270 legimus:
827 4181 914 4271 Περὶ
931 4178 1101 4259 πολιτείας
1112 4174 1168 4248 τοι
1180 4179 1340 4264 μέλλοντα
