3118 4914
679 376 718 390 -
765 344 824 408 112
866 379 907 394 -
994 397 1001 402 .

745 527 847 600 §.cb

541 658 581 707 De
598 658 636 712 V.
655 666 681 710 et
702 661 753 710 Vl.
773 659 908 711 librorum
925 657 1027 711 crdlne.

323 775 360 835 ln
382 775 528 838 omnibus
551 787 583 838 et
605 778 771 840 codicibus
793 787 825 840 et
846 778 1036 842 editionibus
1060 797 1155 861 quum
1177 798 1281 864 usque
1304 780 1346 844 ad

241 891 382 944 nostram
404 892 542 947 aetatem
566 885 646 946 liber
669 885 711 947 V.
734 885 776 948 dc
795 886 1099 966 rerumpublicarum
1119 887 1347 950 mutationibus

236 993 398 1073 legeretur
414 1000 488 1054 ante
509 1001 649 1074 sextum,
672 997 726 1076 qui
745 1001 796 1054 est
817 993 857 1055 de
889 993 1111 1057 constituenda
1138 987 1347 1078 δημοκρατίᾳ

241 1107 274 1159 et
294 1085 481 1182 ὀλιγαρχίας
504 1103 622 1180 primus
642 1101 766 1162 exstitit
788 1099 895 1165 Barth.
931 1101 1087 1181 Hilarius,
1120 1103 1173 1184 qui
1200 1102 1347 1163 librorum

241 1204 382 1266 ordinem
399 1205 675 1268 communiendum
692 1224 767 1267 esse
779 1205 909 1268 diceret.
952 1207 1032 1268 lilius
1047 1215 1151 1269 autern
1168 1211 1349 1271 sentcntiae

241 1329 279 1374 se
290 1314 400 1373 socios
413 1312 651 1394 adscripserunt
666 1313 920 1396 Woltmannius,
933 1313 1088 1396 Koppius,
1097 1315 1220 1378 heonh.
1237 1315 1345 1398 Spen-

245 1426 364 1508 gelius,
397 1425 593 1507 Stahrius1),
622 1427 685 1491 alii.
728 1425 848 1488 Contra
877 1425 1121 1508 disputaverunt
1146 1426 1345 1490 Forcbbam-

242 1549 350 1593 merus
380 1533 400 1594 l.
423 1519 458 1597 c.
489 1541 521 1594 et
550 1533 688 1614 scriptor
718 1531 970 1612 dissertationis,
1009 1553 1092 1616 quae
1114 1535 1214 1596 estin
1238 1535 1347 1616 „llall

233 1635 320 1708 ²Litt.
350 1646 433 1706 Zeit.
465 1644 553 1708 1839.
582 1646 662 1707 Νιο.
696 1643 790 1709 198.“
820 1663 890 1727 sqq.
933 1645 1000 1705 lam
1036 1662 1116 1705 vern
1148 1652 1346 1724 argumenta,

242 1753 355 1836 quibus
377 1751 553 1814 doctissimi
575 1752 634 1813 viri
657 1751 698 1812 illi
720 1770 811 1812 suam
835 1737 1035 1812 muniuerunt
1055 1753 1268 1824 senteutiam,
1292 1748 1346 1810 af·

242 1861 407 1936 feramus,
438 1860 660 1921 examinemus
693 1865 725 1919 et
747 1875 927 1940 augeamus
948 1856 1123 1919 rationibus
1147 1857 1262 1938 quibus
1283 1875 1345 1938 po-

245 1969 376 2031 terimus
398 1966 501 2028 novis.

328 2077 352 2136 l.
384 2077 524 2137 Primum
560 2073 656 2154 igitur
687 2083 906 2154 argumentum
940 2072 1088 2155 idemque
1116 2074 1343 2156 gravissimum

239 2190 292 2247 est
313 2181 344 2245 in
364 2201 403 2245 ca
430 2201 538 2244 rerum
559 2181 767 2262 dispositione
789 2180 1037 2262 tractandarum,
1060 2199 1155 2261 quarn
1177 2182 1207 2242 in
1230 2181 1287 2242 lV.
1308 2183 1341 2246 2.

242 2291 434 2352 Ariuoteles
456 2289 626 2372 descripsit
646 2289 725 2370 ipse.
767 2275 846 2371 ἡμῖν
866 2283 904 2350 δὲ
933 2283 1094 2372 πρῶτον
1126 2283 1186 2369 μὲν
1213 2283 1343 2372 διαιρε-

244 2392 317 2460 τέον
337 2439 501 2462 ......
522 2385 672 2456 ἔπειτα
693 2437 853 2457 ......
876 2383 1026 2456 ἔπειτα
1049 2437 1183 2459 .....
1195 2399 1215 2456 ”.
1236 2381 1343 2475 pecti

244 2500 289 2568 dt
310 2499 439 2566 ταῦτα
459 2498 531 2565 τίνα
550 2487 673 2586 τρόπον
692 2497 747 2563 δεῖ
766 2490 964 2564 καθιστάναι
983 2491 1040 2564 τόν
1048 2488 1245 2583 βουλόμενον
1262 2488 1344 2564 ταί-

240 2630 300 2683 τας
319 2596 380 2682 τοὶς
399 2603 586 2683 πολιτείας,
618 2600 760 2687 λέγωδὲ
788 2602 1009 2691 δημοκρατίας
1034 2627 1072 2668 τε
1100 2608 1180 2668 καθ’
1208 2600 1344 2668 ἕκαστον

239 2705 330 2790 εἶδος
356 2711 412 2776 καὶ
437 2699 536 2774 moll-w
555 2701 761 2796 ζόλιναρχίας.
810 2707 951 2787 Τέλος·
969 2707 1027 2791 δέ,
1063 2701 1194 2775 admon
1219 2700 1342 2776 τούτοιν

241 2819 320 2893 ὅταν
335 2813 558 2910 ποιησώμεθα
578 2804 824 2910 συντόμωςτήν
847 2818 1058 2910 ἐνδεχομένην
1076 2819 1199 2908 μνείαν,
1222 2843 1343 2911 πειρα-

233 2933 313 3002 τέον
334 2927 493 2999 ἐπελθεῖν
518 2927 604 3007 τίνες
632 2926 763 3019 φθοραί
793 2925 847 2994 καί
866 2926 953 3006 τίνες
981 2929 1139 3020 σωτηρίαι
1160 2931 1224 2997 τῶν
1244 2931 1342 2996 πολι-

241 3043 338 3112 τειοῖν
348 3041 401 3108 καί
414 3039 506 3129 κοινῇ
526 3037 579 3104 καί
600 3037 701 3127 χωρίς
722 3028 862 3126 ἑκάστης
881 3037 936 3103 καὶ
956 3030 1013 3103 dccl
1034 3037 1125 3118 τίνας
1144 3036 1342 3118 αἰτίαςταῦ-

237 3176 280 3219 τα
288 3143 430 3237 μάλιστα
450 3145 602 3235 γίνεσθαι
615 3144 802 3235 ccccxcvi).
827 3152 929 3232 Quam
943 3171 1009 3216 rem
1018 3157 1126 3232 priore
1137 3153 1207 3218 loco
1222 3153 1339 3236 posuit,

303 3399 346 3448 est
364 3396 543 3459 probabilium
561 3393 832 3457 rerumpublicarum.
867 3393 922 3444 led
945 3394 1059 3443 πολιτεία
1084 3391 1145 3441 ideo
1167 3394 1255 3441 status
1279 3399 1339 3438 esse

256 3497 258 3500 ·
302 3497 358 3539 nnn
375 3491 465 3550 potest
482 3485 598 3547 optimae
611 3486 739 3547 civitatis,
755 3483 817 3548 quin
834 3483 861 3533 ln
872 3483 974 3546 optIma
990 3482 1065 3532 cives
1083 3479 1128 3543 qul
1145 3477 1339 3539 adrampubli-

302 3593 361 3631 cam
379 3581 511 3631 accedunt
527 3590 621 3628 omnes
639 3577 762 3628 omnibus
781 3577 878 3626 debent
902 3575 1038 3626 excellere
1061 3573 1216 3624 virtutibus.
1249 3573 1336 3624 Totus

304 3674 393 3721 autem
413 3667 529 3731 populus
548 3680 573 3716 s.
592 3667 767 3716 civesomnes
785 3669 815 3715 ut
834 3666 887 3714 sint
905 3665 1026 3728 omnibus
1045 3662 1191 3712 virtutibus
1203 3661 1340 3728 praeditit,

305 3771 438 3821 uunquam
459 3769 570 3820 usquam
588 3757 679 3806 evenit
696 3757 745 3815 (ct.
765 3755 822 3806 Pol.
840 3755 887 3804 111.
907 3754 982 3811 lm:
1008 3759 1037 3804 at
1060 3765 1125 3803 vero
1148 3758 1178 3802 ut
1200 3751 1234 3802 ud
1263 3765 1340 3804 com·

303 3861 408 3899 munem
427 3849 567 3898 utilitatem
585 3846 826 3910 ceroferariorum,
851 3857 918 3895 sane
941 3843 1045 3908 quidem
1070 3845 1206 3894 usuvenit.
1245 3843 1336 3911 Quare

306 3935 414 4009 ὀρθαῖς
440 3940 467 3990 in
493 3940 646 3990 civitatibus
669 3940 784 3989 πολιτεία
809 3942 851 3989 est
877 3942 953 3989 recte
978 3947 1012 3988 au
1031 3937 1135 4004 merito,
1161 3939 1285 4002 quamvis
1302 3940 1336 3990 ab

305 4029 432 4103 ὄρθοτιὶτη
447 4033 559 4086 civitate
576 4034 730 4086 aberravit.

259 4125 529 4190 numbw

254 4219 287 4285 θ)
310 4222 381 4279 Τίίος
397 4218 433 4285 δέ,
448 4211 553 4273 ίιιίνταν
570 4218 666 4273 τούτων
683 4217 746 4274 ὅταν
763 4223 804 4275 elo
822 4222 1038 4291 distinguendum
1057 4237 1119 4277 esse
1132 4227 1225 4290 pulavl
1240 4227 1340 4282 ttlleli·
