3118 4914
838 280 842 288 l

667 375 709 388 m
750 343 793 406 ω
834 375 876 389 m

228 519 283 608 ylo
313 545 395 608 qnae
416 525 547 590 eiviteti.
560 526 745 590 neeessari'n
764 535 819 589 est
853 527 1064 608 mollmsnita'r
1085 547 1107 592 ε
1126 528 1252 594 muns
1270 531 1330 593 ιε’·

105 711 108 716 ,
227 634 349 698 enudat
371 633 474 698 uirtus
495 639 575 696 veno
595 636 667 714 ipss
687 631 798 714 perflui
818 653 880 696 nou
904 635 1167 716 fortunanotest,
1183 636 1242 698 se'd
1257 638 1330 700 sola

229 743 366 804 seientia
389 760 427 804 ae
450 741 621 801 voluntate.
663 741 731 802 lam
754 748 860 802 autem
884 758 979 822 quum
1001 759 1040 804 ea
1067 742 1187 806 eivitas
1208 745 1328 807 virtute

226 849 370 932 praedita
392 851 447 930 sit,
478 851 508 910 iu
537 867 600 931 qua
627 849 750 932 singuli.
779 868 849 912 eam
879 850 971 910 nives
998 849 1121 915 nolunt:
1156 849 1328 914 videndum

227 967 291 1040 est,
313 957 426 1040 quibus
445 957 539 1018 rebus
555 957 673 1037 singuli
687 956 860 1018 reddantur
874 953 1060 1020 σπουδαῖοι.
1104 959 1200 1021 Ilinut
1221 967 1328 1020 autom

228 1065 374 1128 homines
404 1063 497 1144 boni,
531 1073 565 1126 ut
593 1066 653 1126 iam
675 1065 705 1126 iu
728 1065 851 1127 lltlaieis
875 1065 991 1144 dietum
1017 1074 1078 1146 est,
1100 1074 1224 1147 natura,
1248 1083 1330 1129 eon·-

227 1169 410 1248 s'uetudine,
431 1171 592 1251 disciplina
612 1157 742 1253 (λόγῳ).
768 1170 888 1249 Quales
905 1154 996 1234 aives
1013 1182 1125 1236 natura
1139 1191 1215 1236 esse
1230 1193 1329 1256 opor-

227 1287 306 1360 teat,
328 1296 425 1358 supra
446 1280 526 1340 satis
549 1279 742 1358 explicatum
765 1287 826 1341 est.
858 1277 1068 1342 Consuetudo
1090 1290 1196 1344 autem
1220 1291 1253 1346 et
1274 1283 1326 1346 di-

226 1383 359 1467 sciplina
380 1385 421 1448 ad
444 1385 617 1448 bonitatem
639 1385 693 1446 vel
715 1387 853 1448 maxime
875 1388 996 1466 valent,
1020 1407 1115 1472 quum
1137 1389 1324 1453 oivesedu-

228 1504 339 1558 nentur
348 1495 599 1572 etdlsaant‚tum
610 1478 913 1572 ussuesoendo,tnm
926 1493 1083 1560 audiendo
1091 1495 1330 1573 (potvnnuu

721 1711 748 1780 S·
772 1707 822 1770 50.

327 1841 553 1912 Quemadmodum
571 1841 650 1895 cives
668 1840 798 1890 eduenudi
815 1839 881 1901 sint,
899 1843 928 1888 ut
945 1837 1075 1890 σπουδαῖοι
1092 1841 1220 1894 evadant.

314 1966 364 2028 De
386 1940 637 2026 oonsuesneudis
659 1961 905 2042 erudiendisque
934 1961 1058 2024 nivibus
1088 1963 1149 2026 rite
1175 1961 1331 2044 disputari

227 2074 440 2152 monument,
462 2069 640 2138 nisifuerit
669 2068 882 2150 disceptatum
911 2069 1017 2150 prius,
1040 2077 1149 2132 utrum
1179 2071 1233 2151 qui
1264 2069 1327 2132 im-

228 2187 341 2261 perent
362 2187 395 2240 at
416 2179 468 2259 qui
490 2186 623 2257 pareant
645 2176 758 2240 eodem
781 2177 874 2238 modo
897 2175 1052 2239 adunandi
1075 2178 1158 2259 sint,
1188 2198 1229 2240 au
1250 2179 1324 2242 alio.

228 2285 301 2365 Qua
323 2285 448 2368 quidem
470 2289 658 2368 quaestione
679 2286 835 2366 instituta,
849 2285 889 2348 de
901 2285 1091 2349 edueatione
1106 2285 1327 2368 disputaturus

228 2393 360 2474 primum
392 2395 464 2476 quis
494 2393 538 2456 sit
556 2394 703 2476 ¹optimae
730 2393 817 2456 vitae
847 2391 918 2456 finis
946 2394 1051 2466 donet.
1093 2394 1206 2474 ionum
1233 2395 1330 2476 igitur

227 2505 370 2566 ultimum
393 2505 435 2566 sit
456 2513 488 2567 et
508 2514 685 2567 extremum
714 2503 760 2584 id,
782 2503 824 2564 ad
845 2502 929 2584 quod
949 2502 1012 2564 alia
1032 2501 1231 2583 referuntur3
1261 2503 1328 2566 vita

228 2621 340 2674 autem·
361 2611 507 2673 discedet
530 2612 562 2673 in
584 2611 681 2672 otium
706 2619 740 2673 et
759 2612 935 2691 negotium,
957 2609 988 2670 in
1012 2609 1127 2670 bellum
1149 2617 1182 2670 et
1198 2627 1327 2690 pacem3

211 2705 359 2804 ¹munemel
380 2740 458 2781 vero
480 2719 593 2801 partim
615 2719 680 2781 siut
710 2721 893 2782 neeessaria
910 2728 955 2782 ¹et
983 2719 1090 2796 utilio,
1123 2723 1237 2801 purtim
1265 2719 1329 2782 ho-

228 2837 336 2890 nesta:
359 2826 432 2889 linis
443 2836 518 2890 suot
529 2828 638 2908 otium,
650 2846 727 2909 pax,
750 2827 902 2908 honesta3
926 2825 967 2890 ad
989 2845 1030 2890 ea
1052 2827 1134 2890 enim
1156 2827 1218 2891 alia
1240 2828 1329 2890 refe-

229 2935 327 2999 renda
349 2943 425 2998 sunt
446 2936 560 2998 omnia.
609 2937 718 3014 Quare
740 2933 974 3016 ¹vituperandae
1002 2935 1168 3016 eivitateS,
1199 2954 1329 3017 quarum
1415 2943 1417 2947 ’

228 3045 391 3124 instituta,
425 3046 518 3128 leges
547 3053 699 3126 totusque
729 3052 836 3106 status
861 3043 901 3106 ad
924 3045 1039 3106 bellum
1063 3053 1213 3125 spectant
1234 3052 1267 3106 et
1288 3041 1330 3106 ad

230 3154 420 3234 dominatum
449 3155 480 3216 in
506 3153 586 3219 elias
613 3155 757 3236 populos.
804 3151 882 3216 lude
910 3153 1004 3218 otiam
1034 3152 1238 3217 manifestum
1267 3158 1330 3232 est,

228 3263 346 3344 quihus
380 3261 580 3341 potissimum
621 3261 795 3328 virtutihus
841 3259 981 3340 optimae
1015 3259 1206 3340 reipublicae
1237 3259 1330 3320 nives

227 3369 361 3451 praediti
384 3387 459 3434 esse
476 3369 621 3435 debeant.
644 3368 730 3439 Nam
752 3385 846 3450 quum
868 3368 936 3430 vita
958 3365 1061 3428 otiosa
1084 3365 1207 3428 militari
1229 3381 1326 3446 prae-

228 3485 305 3560 stet,
329 3478 469 3541 iustitiae
491 3485 523 3540 et
544 3476 775 3557 temperantiae
801 3473 993 3538 studendum
1022 3483 1090 3553 est,
1120 3491 1203 3552 quae
1231 3469 1328 3550 domi,

227 3583 260 3644 iu
291 3587 356 3648 otio
388 3582 589 3665 omniumque
621 3601 724 3647 rerum
742 3579 950 3646 *abundantia
984 3576 1090 3661 magis
1128 3575 1331 3639 necessariae

227 3699 315 3772 suut,
338 3709 434 3772 quam
458 3691 596 3764 militiae.
645 3691 720 3754 Neo
748 3700 854 3753 tamen
875 3687 1071 3770 negligenda
1092 3694 1144 3748 est
1165 3683 1328 3748 fortitudo.

243 3849 577 3870 W

294 3947 389 4008 Magn.
406 3946 426 3997 Ι.
444 3945 472 4000 4.
490 3941 596 4012 ἐνέργεια
612 3945 652 3993 καὶ
665 3948 752 4012 χρῆσις
768 3939 853 4011 dontio
871 3943 952 3992 τελεία
957 3958 967 4007 3
984 3941 1063 4007 quum
1082 3955 1140 3994 eam
1157 3944 1183 3994 in
1193 3945 1254 3995 utu.
1267 3944 1329 3995 Nic.

295 4040 315 4087 l.
327 4040 353 4087 θ.
368 4038 420 4088 hot·
435 4038 515 4086 modu
532 4037 717 4086 conttituerlt:
735 4037 819 4102 ψυχῆς
837 4032 943 4103 lodoycum
961 4035 1019 4084 κατ’
1035 4031 1131 4105 dontio,
1147 4037 1170 4086 εἲ
1186 4033 1215 4087 δὲ
1232 4038 1330 4094 πλείους

295 4129 319 4182 αἱ
337 4127 433 4200 dosunt,
449 4127 513 4186 aaran*
531 4126 577 4199 siju
592 4128 692 4202 doletur
708 4132 752 4182 net
766 4123 931 4194 τελειοτάτην,
966 4129 995 4192 ln
1013 4127 1074 4190 βαι.
1088 4130 1162 4190 ΕΜ,
1174 4129 1208 4185 ΙΙ.
1220 4129 1246 4186 l·
1264 4130 1330 4190 httett

291 4232 335 4284 est
351 4227 407 4278 eius
426 4225 558 4290 definitio}
576 4228 660 4296 ψυχῆς
677 4220 772 4294 ἀγαθῆς
789 4220 903 4291 ἐνέργεια,
