3124 4918
229 532 292 630 peip
315 531 438 606 roricus
463 529 537 622 τάχ’
562 530 603 606 ἂν
629 537 756 624 μᾶλλον
779 537 965 624 renidentes
992 539 1047 606 καὶ
1077 537 1160 606 ποία
1179 536 1329 604 πολιτεία

229 641 349 738 ἀρίστη
378 671 405 714 κ.
426 671 455 713 τ.
476 647 505 714 λ.
555 651 608 714 lox
636 649 688 714 bis
718 651 844 733 quidem
874 650 984 713 verbis
1013 669 1112 733 supra
1141 651 1330 734 collegimus

230 761 436 824 Aristotelem
458 759 517 822 sibi
538 760 767 842 proposuisse,
796 768 832 822 nt
852 759 986 841 priorum
1008 759 1049 821 de
1071 761 1192 840 optime
1213 758 1330 838 dispu-

232 876 317 932 taret
336 867 508 951 republica,
531 866 646 930 deinde
671 865 711 930 (le
732 866 862 948 reliquis
882 866 1186 948 rerumpublicarum
1206 865 1330 946 formis,

232 963 369 1060 legibus,
390 975 554 1038 institutis.
585 976 647 1038 ltlst
660 975 756 1058 igitur
772 977 982 1058 exspectatio,
1004 977 1074 1039 fore
1095 985 1133 1038 ut
1152 973 1192 1038 de
1212 975 1331 1057 optima

230 1082 391 1164 republica
401 1080 509 1144 dicere
522 1080 840 1164 ingrediatur.,que
853 1083 981 1165 quidem
996 1084 1198 1164 exspectatio
1210 1083 1278 1144 libri
1287 1084 1327 1144 ll.

98 1199 101 1204 '
231 1187 363 1252 exordio
374 1185 596 1250 confirmatur:
617 1174 704 1250 Ἐπεί
721 1183 759 1250 δὲ
781 1174 1037 1272 προαιρούμεθα
1056 1187 1229 1274 θεωρῆσαι
1251 1185 1332 1274 περί

232 1291 292 1381 τῆς
312 1289 480 1370 κοινωνίας
499 1291 560 1380 τῆς
580 1290 768 1381 πολιτικῆς,
788 1287 809 1380 ἢ
828 1290 984 1380 κρατίστη
1005 1293 1121 1360 πασῶν
1142 1299 1213 1372 τοῖς
1233 1295 1333 1360 δαναι-

230 1398 340 1484 μίνοις
360 1399 419 1488 ζῆν
439 1393 492 1468 ὅτι
511 1390 656 1483 μάλιστα
676 1400 746 1464 κατ’
767 1391 872 1487 εὐχήν.
894 1405 959 1467 Sed
976 1407 1190 1468 oeconomicis
1206 1405 1332 1488 quidem

231 1509 454 1592 pertractatis,
477 1507 986 1591 examinatisqnerebuspublicis
1005 1509 1241 1591 probabilibus,
1271 1527 1334 1572 non

232 1637 274 1680 eo
303 1625 411 1680 tamen
438 1614 594 1696 perducta
623 1613 796 1697 disputatio
824 1625 892 1698 est,
923 1624 957 1678 ut
985 1617 1047 1680 iam
1070 1616 1109 1679 de
1131 1618 1248 1696 optimo
1268 1615 1334 1676 rei·

235 1725 383 1806 publicae
404 1741 526 1806 genere
547 1723 663 1803 exponi
682 1722 793 1802 possit
836 1723 962 1786 Etenim
984 1725 1067 1786 aliae
1088 1728 1179 1805 prius
1200 1724 1334 1785 institu-

235 1835 339 1900 eurlee
367 1843 443 1898 suut
470 1835 678 1917 quaestiones
706 1832 926 1912 necessariae,
957 1849 1042 1914 queo
1063 1841 1099 1894 ut
1119 1833 1187 1894 libri
1206 1834 1230 1892 1.
1244 1839 1278 1892 et
1293 1831 1334 1892 li.

231 1941 274 2006 ad
295 1941 433 2025 reliquas
454 1942 605 2006 civitates
625 1948 723 2022 atque
754 1939 793 2002 ud
826 1941 976 2022 optimam
1001 1957 1106 2022 seque
1128 1941 1288 2020 pertinent
1298 1939 1334 2014 ¹).
1413 2004 1420 2016 ,

232 2051 317 2116 Sunt
338 2061 444 2114 autem
468 2050 675 2132 quaestiones
696 2049 768 2112 illae
789 2049 917 2130 quidem
939 2057 1027 2130 tres,
1059 2067 1122 2110 une
1142 2048 1181 2110 de
1204 2047 1335 2110 civitate

233 2164 267 2220 et
288 2158 331 2222 de
352 2159 497 2236 civibus,
519 2156 560 2220 de
581 2157 881 2239 rerumpublicarum
904 2157 1075 2238 generibus
1096 2157 1215 2236 altere,
1238 2156 1331 2220 tertia

234 2263 274 2328 (le
295 2269 358 2344 eis,
383 2268 436 2349 qui
456 2266 686 2348 rebnspublicis
707 2257 910 2346 praeficiendi
931 2273 1016 2328 snut

650 2760 830 2816 offer
848 2759 920 2818 11⁷.

229 2869 287 2940 'De
315 2881 417 2942 tribua
446 2883 699 2960 quaestionibus,
730 2883 844 2961 quibos
865 2881 1056 2943 Aristotelea
1070 2863 1189 2944 'dicere
1227 2885 1339 2960 inpre-

237 2987 323 3046 ιίίίιιν
342 2987 381 3046 de
400 2989 517 3064 optimo
535 2990 662 3046 civitate
681 3005 720 3046 oc
741 2988 781 3046 de
801 2986 934 3066 reliquis
951 2987 1146 3065 ,reipublicae
1160 2989 1339 3062 penarium.

773 3153 804 3210 Ι.

501 3248 550 3300 De
572 3247 743 3302 olvltate
768 3255 806 3304 et
830 3251 873 3302 de
899 3251 1066 3304 civibus.

734 3397 764 3466 S·
786 3393 835 3458 38.

322 3523 415 3588 Haec
435 3523 561 3606 quidem
580 3527 728 3605 quaestIo
745 3523 786 3588 de
803 3526 935 3590 civitate
948 3534 982 3590 et
996 3522 1037 3588 de
1050 3523 1173 3588 civibus
1185 3523 1341 3606 tripertita

237 3637 299 3691 est.
343 3631 482 3693 Primum
512 3630 629 3694 civitas
657 3628 730 3714 qnid
758 3631 819 3713 sit,
853 3639 885 3694 et
904 3630 991 3726 ,quis
1025 3629 1107 3694 civis
1135 3629 1341 3714 simpliciter?

239 3736 354 3800 deinde
383 3738 443 3800 viri
471 3737 545 3801 boni
572 3739 655 3802 sitne
684 3717 796 3805 eadem
819 3739 922 3804 virtus
942 3757 983 3804 ao
1004 3739 1087 3804 civis
1108 3737 1199 3822 probi
1218 3743 1341 3814 (σπου-

229 3836 372 3930 rlon'ovfl
396 3843 533 3926 denique
546 3865 619 3908 uum
647 3844 780 3928 opifices
804 3832 990 3927 (βάναυσοί)
1018 3846 1143 3918 αἰνῆσαι,
1157 3847 1189 3911 in
1208 3867 1340 3914 numero
1376 3843 1377 3848 ’

238 3948 376 4032 ponendi
397 3954 470 4014 sint.

246 4087 533 4102 m

257 4161 287 4222 1)
305 4159 334 4209 lo
351 4161 424 4238 ¹quon
444 4157 495 4210 iarn
515 4173 550 4210 ex
566 4159 629 4212 libri
639 4159 687 4211 ΠΙ.
697 4159 809 4212 exordio
821 4157 937 4224 intelllgi
955 4160 1062 4222 potest:
1084 4159 1124 4226 Τῷ
1143 4157 1341 4226 περὶπολιτείας

307 4247 496 4316 ἐπισκοποῦντι,
513 4252 553 4300 καὶ
571 4253 607 4308 τίς
624 4247 713 4315 sedorp
729 4252 770 4300 καὶ
786 4253 847 4301 ποία
864 4268 899 4306 τις
916 4269 943 4317 κ..
956 4265 980 4299 r.
998 4249 1020 4298 λ.
