3118 4914
233 497 307 566 cent
340 503 422 564 libro
465 501 642 583 explicavit
671 511 786 580 secto,
822 519 917 581 quem
948 499 1017 560 iore
1035 505 1242 578 posteriorem
1266 521 1344 583 pro·

236 610 344 686 misit,
378 629 450 672 erm
487 609 637 691 exposuit
673 609 751 672 libro
772 613 892 690 quinto.
936 609 1028 670 Haec
1048 607 1089 670 ed
1113 608 1344 690 expediendum

236 736 322 779 sene
345 715 497 778 difficilis.
539 717 734 797 susceptum
755 720 839 777 enim
863 715 1032 777 consilium
1056 715 1260 778 Aristotelem
1273 733 1345 778 mn·

235 836 327 886 tasse
359 824 468 886 dicere
497 844 558 888 nec
590 826 667 886 iicet
696 843 758 886 nec
780 825 886 887 decet.
929 825 1073 905 Quodsi
1096 827 1254 906 fecisset,
1287 836 1344 890 eut

235 932 302 996 iibri
324 932 425 1014 quarti
452 933 552 994 verbe
572 940 827 996 commutaturus
849 933 965 996 inisset
994 944 1050 997 eut
1072 933 1103 996 id
1124 953 1162 997 se
1183 936 1344 998 obiecisse

236 1040 401 1102 consitium
431 1038 514 1121 quod
547 1048 621 1100 cute
642 1046 774 1118 ceperat
804 1037 1052 1118 significaturus.
1099 1042 1216 1124 Neque
1237 1044 1342 1106 iocum

237 1145 323 1210 ilium
344 1144 454 1206 dicere
483 1155 665 1224 corruptum
692 1145 808 1204 'susim
853 1144 962 1222 Quere
988 1155 1040 1208 est
1073 1145 1220 1210 codicum
1254 1153 1344 1212 scri·

236 1260 330 1334 pturn
355 1251 541 1331 retinende3
574 1249 725 1313 mutsndu
747 1251 894 1314 librorum
915 1253 1111 1315 consecutio.

320 1384 360 1444 ΙΙ.
380 1383 424 1444 Et
444 1382 590 1463 proiecto
612 1381 696 1444 illem
718 1382 843 1463 quidem
865 1381 996 1445 duorum
1018 1369 1168 1446 librorum
1192 1404 1340 1448 commu·

235 1494 387 1554 tationem
408 1489 624 1553 neeessariam
647 1507 722 1552 esse
742 1489 940 1552 demonstret
962 1509 1082 1572 earum,
1106 1493 1240 1573 quaein
1262 1494 1339 1557 uiti-

238 1619 290 1661 me
304 1600 507 1662 Politicorum
519 1573 709 1682 uerterunt,
731 1617 837 1661 rerum
850 1600 988 1662 omnium
1004 1600 1190 1664 distributio.
1204 1603 1342 1667 Primum

238 1707 319 1768 enim
340 1705 534 1768 Aristotcles
549 1707 582 1766 in
603 1704 682 1766 libro
705 1705 764 1767 tv.
786 1707 965 1767 dinumerat
995 1701 1293 1792 δημοκρατίας
1313 1719 1346 1773 et

239 1805 490 1899 ὀλιγαρχίας
510 1821 642 1894 species.
684 1814 807 1878 Deinde
828 1803 1080 1899 ἀριστοκρατίας
1099 1817 1271 1896 generibus
1292 1819 1344 1881 nl·

238 1925 332 2006 letis,
364 1928 504 2007 explicet
536 1925 694 2008 quomodo
731 1934 763 1988 et
799 1926 1030 1987 constituentur
1058 1935 1092 1987 et
1117 1937 1346 2009 componentur

238 2021 470 2119 α’ριστοκραιία
499 2043 532 2097 et
556 2026 710 2096 πολιτεία
739 2035 919 2118 quibusque
946 2036 1146 2098 convenient.
1190 2037 1272 2099 'rum
1301 2037 1342 2100 ed

239 2143 457 2224 quaestionem
492 2145 531 2203 de
565 2130 792 2225 ὀλιγαρχίᾳ
825 2150 857 2202 ct
887 2136 1153 2226 δημοκρατίᾳ
1179 2163 1342 2225 reversus,

238 2251 353 2329 quitus
373 2254 441 2310 sint
459 2251 607 2326 ιίνιραίαα
628 2269 739 2311 eorum
755 2252 883 2330 species
904 2253 1205 2334 accommodandae,
1228 2265 1342 2319 osten·

240 2354 295 2418 dit.
338 2355 484 2434 Scriptor
513 2354 606 2434 igitur
634 2355 688 2436 qui
716 2355 830 2416 instem
859 2355 1069 2421 distribuendi
1089 2378 1266 2444 senemque
1285 2382 1343 2426 re·

242 2463 361 2524 tionem
394 2460 557 2543 sequitur,
586 2461 659 2542 quid
695 2462 756 2524 iilis
785 2462 881 2524 rebus
911 2464 1116 2527 continuabit.
1159 2467 1350 2533 Perficietne

238 2571 396 2652 inceptem
422 2570 461 2630 dc
483 2555 704 2653 ὀλιγαρχίᾳ
725 2573 758 2629 et
777 2561 799 2628 d
807 2560 1019 2652 ημοκρατί
1028 2588 1051 2650 ᾳ
1073 2565 1346 2650 disputationem?

239 2680 356 2742 Nonne
376 2699 440 2760 quo
460 2683 584 2740 rotebne
604 2698 660 2740 ene
679 2681 823 2740 civitatee
842 2681 1079 2740 constituuntur
1103 2675 1249 2742 docebit?
1281 2679 1345 2742 ni-

238 2787 449 2868 sputetioncm
469 2786 510 2848 dc
534 2805 571 2848 re
594 2785 723 2850 diverso
745 2787 763 2847 i.
785 2807 813 2848 e.
832 2785 872 2846 de
886 2787 1032 2848 omnibus
1047 2787 1219 2849 civitatium
1233 2787 1345 2852 iormis

240 2913 314 2956 num
346 2893 502 2973 suscipiet
532 2892 619 2971 prins
631 2935 643 2971 ,
681 2908 774 2972 quem
805 2890 846 2952 de
877 2886 1082 2976 δημοκρατίᾳ
1112 2901 1145 2953 et
1173 2882 1345 2980 ὀλιγαρχίᾳ

239 3003 459 3086 quaestionem
489 3000 530 3064 ed
562 2997 658 3061 finem
695 2999 903 3080 perduxerit?

322 3135 378 3197 ΙΙΙ.
401 3135 466 3196 iem
494 3150 668 3217 pergemus
689 3131 731 3194 nd
754 3131 862 3194 ultime
884 3132 952 3194 libri
974 3131 1033 3194 tv.
1055 3135 1169 3221 capite.
1215 3134 1342 3212 Quibns

241 3249 310 3308 eius
326 3262 408 3327 quoe
434 3241 577 3324 sequitur
586 3240 809 3323 diputationis
821 3241 1000 3304 continetur
1010 3243 1196 3324 principium
1211 3230 1343 3329 (οίρχή).

307 3566 376 3616 kero
403 3561 487 3630 (τέλος
504 3559 534 3613 tt
550 3557 655 3613 πίνναν
672 3559 782 3626 τούτων,
799 3558 876 3623 ὅταν)
893 3563 1061 3617 dtesenticns.
1093 3567 1256 3619 eronontne
1272 3565 1343 3621 πίν-

307 3677 358 3708 των
374 3656 522 3708 τούτωντί
548 3669 642 3708 vocem
659 3657 751 3722 μνείαν
768 3656 916 3721 retulerim,
941 3667 1011 3720 queo
1028 3657 1154 3722 genitivo
1172 3671 1262 3710 vacue
1279 3674 1344 3712 esse

306 3763 361 3800 non
379 3754 477 3812 potest.
494 3748 543 3799 Sin
560 3747 618 3814 qnls
634 3747 764 3798 statuerit
780 3761 798 3798 ιι
816 3749 898 3800 verbo
912 3750 980 3806 τέλος
991 3748 1106 3811 uendere
1120 3745 1341 3820 circumcisor,

307 3840 331 3890 is
348 3841 421 3892 dicet
437 3845 553 3907 oportet,
570 3841 683 3892 alterum
701 3841 745 3905 qui
762 3840 796 3892 ed
813 3843 905 3905 μνείαν
921 3839 1052 3903 pertinent
1071 3839 1165 3893 deesse
1182 3842 1342 3907 genitivum.
1420 3897 1430 3906 ,

307 3931 411 3983 Gontrs
427 3934 497 3990 τέλος
513 3931 661 3997 genitivum
679 3945 735 3983 non
752 3932 873 3997 requirit,
891 3932 955 3995 quin
971 3933 1048 3998 quest
1068 3915 1196 4000 queedem
1214 3941 1256 3986 est
1274 3947 1344 3987 con·

308 4025 419 4081 iunctio.
451 4025 603 4078 Verborum
621 4031 712 4078 cutem
730 4025 875 4076 cottocetio
895 4038 928 4075 ee
945 4025 1049 4089 quidem
1066 4039 1151 4090 neque
1167 4029 1236 4092 opud
1253 4027 1343 4080 Gree-

308 4129 356 4166 cos
373 4118 416 4165 est
432 4113 561 4166 inusitate
578 4127 663 4180 neque
679 4117 752 4178 opud
770 4113 884 4168 Latinos
901 4111 1054 4180 (postremo
1071 4117 1164 4168 borum
1182 4115 1300 4168 omniunt
1317 4118 1342 4169 st

301 4210 451 4262 tecertuns
467 4209 654 4274 mentionem).
776 4249 778 4256 .

1170 4303 1192 4365 8
