3118 4914
308 517 364 578 lll.
387 513 530 578 Alterum
560 513 725 597 conringii
754 488 982 596 argumentum*
1005 521 1075 575 esti
1107 513 1219 595 „Nibil
1240 515 1327 578 enim

226 623 332 705 agitur
354 622 395 685 de
423 620 697 684 administratione
727 621 868 683 civitatis
888 620 1047 700 optimae,
1081 621 1154 684 nibil
1185 621 1226 682 do
1255 621 1325 687 eiua

226 731 486 813 magistratibus,
520 729 594 792 nihil
626 729 666 793 de
688 729 820 799 iudiciis,
842 729 917 790 nibil
940 729 979 792 do
1002 731 1158 807 consiliis,
1188 732 1260 794 nibil
1283 733 1325 796 de

207 841 326 920 'ipsius
353 847 407 900 aut
436 839 661 899 mutationibus
689 846 744 900 ant
777 839 1055 904 conseruatione.“
1108 839 1159 902 De
1188 843 1327 920 optimae

224 950 418 1030 reipublicae
439 948 709 1012 administratione
732 949 826 1028 paulo
849 947 1060 1011 antedictum
1086 955 1145 1010 cst.
1187 949 1239 1008 De
1253 965 1326 1009 ma-

223 1057 411 1140 gistratibus
436 1065 559 1135 autem,
590 1054 630 1116 de
658 1055 802 1134 iudiciis,
837 1056 972 1118 concilio
1004 1057 1146 1118 civitatis
1185 1055 1324 1136 optimae

226 1183 287 1226 nou
296 1165 387 1226 aliter
402 1165 561 1244 exposuit,
573 1181 668 1243 quarn
685 1163 858 1224 denoteris
874 1165 1174 1245 rerumpublicarum
1194 1167 1325 1246 genori-

227 1272 296 1332 bus.
319 1271 444 1333 literrim
459 1271 488 1331 in
505 1270 574 1332 libri
594 1271 651 1332 lV.
664 1269 726 1330 bue
747 1271 883 1352 quaerit,
896 1280 929 1332 et
947 1273 1003 1354 qui
1024 1273 1150 1334 creandi
1172 1275 1236 1336 sint
1249 1275 1326 1336 iuris

227 1375 463 1458 disceptatores
477 1379 760 1461 magistratusque,
779 1387 811 1440 et
824 1399 866 1441 ex
879 1380 992 1461 quibus
1007 1389 1134 1442 constet
1150 1381 1327 1460 concilium,

227 1489 310 1552 etilli
323 1489 490 1571 exquibus
503 1498 536 1552 et
548 1507 568 1551 a
579 1488 694 1570 quibus
707 1489 886 1572 deligantur
899 1500 962 1552 etc.
981 1489 1075 1567 Quae
1087 1489 1210 1572 quidem
1229 1509 1333 1572 quae·

229 1597 350 1658 stiones
361 1595 402 1658 de
417 1597 536 1677 optima
553 1596 714 1677 ropublicn
732 1615 785 1676 per
798 1613 835 1657 se
847 1605 967 1677 patent,
984 1615 1079 1678 quum
1100 1597 1261 1659 delinitum
1275 1599 1328 1678 sit,

226 1705 351 1784 quinam
361 1703 1322 1786 magistratusiudicesqueconstituendisint.lamveroCon·

233 1812 356 1891 cingius
383 1811 467 1893 quod
497 1811 742 1892 disputationem
765 1811 805 1873 de
828 1811 1093 1873 conversionibus
1113 1819 1168 1874 aut
1190 1829 1326 1875 conser-

229 1921 360 1980 vatione
371 1921 509 1999 optimae
522 1919 663 1982 civitatis
684 1925 868 1999 exspectet,
890 1918 998 1980 mirum
1021 1922 1053 1980 lu
1076 1919 1200 1981 modurn
1222 1921 1327 1984 ialsus

180 2012 182 2018 ’
229 2033 288 2085 est.
330 2027 448 2109 Neque
470 2028 550 2090 enim
574 2047 616 2090 ex
638 2029 819 2090 Aristotelis
840 2029 998 2090 sententia
1013 2029 1129 2109 optima
1144 2028 1325 2110 respublica

227 2149 364 2212 unquam
388 2133 485 2194 deleri
507 2141 562 2195 aut
584 2133 729 2213 extingui
751 2141 868 2214 potest,
891 2133 950 2196 niai
972 2143 1105 2195 externe
1126 2133 1159 2195 vi
1180 2136 1234 2197 vel
1258 2135 1323 2197 im-

226 2245 315 2320 petu,
340 2239 394 2300 vel
416 2258 457 2300 ue
478 2239 522 2300 ita
543 2238 680 2321 quidem.
724 2241 921 2320 Respublica
949 2244 1033 2304 enim
1063 2242 1092 2303 si
1116 2250 1329 2304 commutatur

227 2357 283 2410 aut
304 2347 433 2428 interit,
462 2347 581 2426 optima
602 2363 679 2408 esse
700 2346 785 2406 nullo
808 2345 903 2406 modo
926 2353 1043 2424 potest.
1087 2346 1139 2408 cf.
1161 2349 1231 2410 Pol.
1254 2349 1327 2410 Vll.

229 2455 277 2518 14.
300 2448 420 2517 Καίτοι
432 2449 529 2538 δῆλον
549 2441 594 2526 ὠς
615 2440 732 2536 ἐπειδή
753 2447 807 2514 νῦν
828 2467 865 2536 ye
879 2439 987 2514 οὐκέτι
998 2439 1142 2538 ὑπάρχει
1155 2455 1226 2529 τοῖς
1247 2445 1329 2519 Aoi-

226 2581 307 2627 κωσι
325 2556 365 2630 τὸ
385 2552 507 2650 ἄρχειν,
527 2551 585 2626 οὐκ
606 2551 819 2645 εὐδαίμονος,
853 2550 921 2624 odd‘
943 2550 963 2625 o‘
983 2559 1167 2649 νομοθέτης
1186 2553 1325 2647 α’γαθός.

219 2661 288 2740 ’Ἑτι
308 2673 346 2741 δὲ
373 2671 470 2739 τοῦτο
491 2669 629 2757 γελοῖον,
653 2665 685 2735 εἰ
709 2667 861 2752 μένοντες
883 2666 917 2735 ἐν
935 2674 1005 2748 τοῖς
1024 2661 1135 2754 νόμοις
1159 2664 1261 2737 nr'uori
1275 2669 1330 2738 aci

225 2772 364 2864 μεδενός
385 2775 624 2862 ἐμποδίζοντος
643 2769 730 2866 πρός
748 2769 789 2842 τό
807 2775 954 2864 χρῆσθαι
969 2780 1041 2854 τοῖς
1064 2769 1177 2860 νόμοις
1198 2770 1329 2862 ἀποβε-

226 2877 368 2973 βλήκασι
389 2878 428 2950 ‘cd
450 2883 510 2973 ζῆν
532 2883 646 2961 καλῶς.

321 2996 379 3057 Ν.
412 2997 593 3076 Pergamus
620 2991 660 3053 ad
694 2999 919 3074 argumentum
954 2991 1096 3054 tertium:
1128 2993 1328 3074 „Praeterea

228 3107 364 3188 ipsemet
386 3107 429 3169 x.
450 3105 553 3186 capite
575 3103 682 3166 ultimo
704 3101 891 3166 llthicorurn
914 3101 958 3164 nti
982 3109 1014 3164 et
1025 3102 1232 3182 Politicorom
1256 3101 1329 3164 Vll

142 3203 145 3210 ’
227 3221 335 3276 monet
356 3210 397 3273 ad
417 3213 556 3291 optimae
577 3209 769 3290 reipublicae
791 3206 1050 3270 constitutionem
1074 3206 1198 3288 requiri,
1219 3215 1254 3268 ut
1275 3206 1327 3268 le-

225 3320 320 3404 gibue
342 3320 456 3401 cuique
476 3319 577 3380 aetati
603 3333 663 3378 suu
683 3314 788 3378 studia
810 3323 906 3396 atquc
929 3312 1035 3378 officia
1062 3314 1327 3395 praescribantur.

229 3429 313 3508 Quin
341 3431 412 3509 ipso
439 3433 567 3490 tacente
577 3467 589 3506 ,
621 3421 653 3484 id
674 3421 826 3504 postulari
847 3422 978 3503 quilibet
999 3420 1116 3484 dixerit
1137 3462 1146 3484 -.
1169 3465 1177 3482 .
1197 3463 1205 3484 .
1228 3423 1328 3486 Porro

294 3670 431 3730 totamque
448 3661 583 3714 civitatem
601 3659 776 3723 constituere,
794 3670 852 3710 non
870 3657 999 3709 torturae
1017 3663 1071 3722 eet,
1088 3658 1135 3707 reu
1152 3655 1331 3720 legislatoris

297 3755 399 3820 onibus
425 3752 458 3803 de
475 3753 556 3804 rebus
573 3751 670 3802 dicitnr·
686 3751 747 3804 vti.
764 3750 791 3798 8.
810 3749 837 3798 9.
857 3747 901 3798 10.
927 3746 976 3811 (ci.
994 3745 1020 3810 s.
1038 3748 1065 3798 8.
1083 3746 1130 3798 to.
1147 3745 1217 3808 42).
1234 3747 1328 3812 ltaque

296 3843 553 3904 disputatiuncula
571 3853 605 3890 eo
623 3841 694 3904 quod
711 3838 880 3902 legislatoris
898 3841 941 3888 est
953 3847 1079 3902 magnam
1096 3840 1198 3900 partem
1216 3835 1328 3898 periisse

295 3935 461 3996 negaverim.
494 3935 587 3995 Neque
604 3929 766 3982 assenserim
783 3930 822 3979 bis
841 3928 950 3978 verbis:
967 3929 1056 3992 „Waa
1073 3931 1152 3977 ronst
1169 3928 1238 3978 nocb
1256 3924 1327 3976 alles

295 4036 392 4074 ausser
407 4019 509 4072 παιδεία
532 4024 629 4088 tolgan
654 4025 756 4070 murste
780 4020 834 4068 nnrl
853 4016 899 4068 der
917 4019 1099 4083 tlesetageber
1115 4031 1152 4068 zu
1170 4018 1327 4068 bestimnren

297 4117 388 4179 hatte,
414 4113 486 4165 liert
501 4115 558 4163 eleb
577 4115 610 4164 im
633 4115 748 4166 Ganzcn
765 4113 840 4163 melu
857 4112 946 4162 abnen
964 4111 1007 4162 ala
1024 4112 1072 4162 ruit
1088 4110 1328 4174 neveritrrtgirett
1408 4162 1411 4168 ,

295 4201 446 4269 augeban‘*
