3118 4914
227 559 284 621 pro
307 549 473 604 manca-et
495 537 606 602 mutila
627 540 752 614 babuit,
785 541 836 604 bio
860 540 984 622 quidem
1008 543 1183 604 rationibus
1209 541 1335 607 ductura

228 648 367 710 Primum
390 653 440 724 (in
462 648 574 712 introd.
591 650 693 722 Vbs»
713 649 785 722 30.)
805 650 1049 712 »Aristotelem«
1072 649 1116 712 ait
1136 649 1336 730 „pollicitum

228 775 265 820 se
287 757 442 822 dicturum
464 759 503 820 de
526 759 866 841 rhythmo‘dumtaxat
878 757 984 820 dicere
1000 757 1104 820 nihilo
1147 756 1215 820 Sed
1240 756 1334 818 Cou-

234 865 357 946 riugiua
380 866 645 948 significationem
669 866 760 928 vocis
783 852 914 948 ῥυθμὸς
934 885 995 926 nou
1018 874 1212 946 assecutus,
1244 864 1336 926 deai-

230 973 372 1036 deravit'
384 981 511 1054 practer
532 993 602 1036 earu
640 991 725 1055 quae
745 981 796 1035 eat
818 967 896 1055 περὶ
918 968 982 1034 τῶν
1002 967 1109 1036 πολῶν
1130 973 1217 1048 (Pol.
1240 973 1329 1034 Vlll.

228 1079 277 1158 7.)
301 1079 546 1160 disputationem
577 1083 707 1144 alteram
730 1075 892 1162 περὶτῶν
912 1079 1068 1164 dodanim
1091 1103 1154 1146 ιιιιι
1173 1091 1271 1146 recta.
1293 1113 1336 1126 --

229 1187 296 1248 lam
335 1203 417 1248 vcro
454 1187 495 1250 de
529 1189 597 1250 libri
640 1187 703 1250 line
734 1196 884 1255 annotata
925 1189 1022 1267 „Sed
1055 1198 1089 1252 et
1125 1191 1204 1252 alito
1236 1188 1333 1250 facilc

229 1293 346 1374 liquet,
381 1295 483 1374 ipram
505 1294 679 1356 doctrinam
700 1293 742 1356 de
762 1311 822 1356 usu
844 1296 983 1358 musicus
1004 1314 1067 1358 non
1088 1296 1212 1358 nonunt
1237 1303 1334 1358 aucto

228 1403 413 1466 Aristotelis
442 1400 565 1464 more.“
620 1401 717 1480 Quod
745 1401 893 1484 equidem
925 1405 1060 1466 libenter
1103 1404 1331 1481 concesserim,

229 1513 303 1574 sive
324 1507 564 1592 „aosnivonoi‘⁴
593 1509 728 1570 verbum
752 1508 883 1590 intelligi
903 1511 972 1571 vult
992 1507 1035 1570 de
1062 1503 1332 1588 ,‚coocludeodo“

225 1619 297 1680 sive
319 1619 359 1682 de
380 1615 669 1701 ‚,partractaudo“.
710 1618 796 1679 Nam
825 1617 909 1678 baec
931 1615 1104 1696 diopuutio
1126 1616 1154 1677 si
1174 1617 1220 1678 ita
1248 1632 1333 1678 ccu-

229 1725 430 1806 cluderelur‚
466 1736 499 1788 ut
523 1743 580 1789 reo·
604 1734 764 1788 tractatae
789 1731 1047 1786 enumerarentur
1074 1723 1124 1798 (id
1152 1723 1237 1806 quod
1261 1721 1333 1785 fiori

226 1833 326 1912 uolet,
347 1841 382 1894 ut
397 1831 604 1913 intelligatur,
617 1829 691 1914 quid
708 1829 831 1894 dictum
846 1832 898 1912 eit,
911 1830 987 1912 quid
1002 1838 1102 1892 restet
1124 1839 1157 1892 ot
1170 1829 1331 1904 dicaturlt

228 1938 386 2004 eiusmodi
405 1941 549 2002 clauoula
560 1939 700 2019 ineptius
714 1945 747 2002 et
758 1941 862 2002 minuc
876 1938 1012 2019 elegans
1027 1936 1104 1998 nihil
1117 1953 1196 2000 esce
1205 1944 1325 2016 poaaet.

221 2049 339 2130 Neque
363 2067 441 2112 varo
471 2051 562 2112 locus
586 2048 628 2112 de
649 2049 772 2112 musica
801 2047 998 2110 Aristotcieo
1018 2063 1107 2108 more
1141 2052 1327 2125 pertracta-

226 2164 287 2220 tur⁴
335 2158 453 2238 Neque
486 2158 569 2220 anim
597 2165 664 2220 tcta
684 2171 747 2220 'res
773 2156 953 2220 absolvitur
980 2161 1037 2218 aut
1063 2153 1148 2216 omni
1171 2163 1328 2233 exparte

225 2264 455 2328 consideratur.
499 2263 545 2324 At
564 2281 605 2326 ne
626 2264 723 2325 talem
734 2262 861 2344 quidem
874 2261 1119 2342 disputationem
1137 2260 1327 2335 Aristotelen

224 2374 364 2436 aeribere
383 2375 557 2434 coustituit.
602 2373 718 2450 Neque
739 2370 822 2432 euim
852 2357 968 2450 λόγους
985 2370 1164 2448 prolaturus
1180 2374 1241 2450 aar,
1266 2365 1329 2430 aad

222 2483 369 2546 lauturus
396 2481 426 2544 id
455 2481 538 2564 quod
575 2483 690 2546 musici
717 2489 836 2544 vocant
869 2464 1054 2560 ἐνδόσιμον,
1085 2479 1194 2553 [viti.
1222 2478 1255 2540 o.
1273 2470 1328 2541 ἵνα

223 2583 337 2680 ὥσπερ
359 2582 530 2676 ἐνδόσιμον
549 2589 680 2681 γένηται
700 2593 792 2668 τοῖς
807 2579 925 2675 λόγοι
932 2585 963 2671 ς’,
991 2579 1048 2664 οὓς
1068 2579 1108 2653 ib
1128 2585 1327 2664 τιςεῖπειεν

222 2695 490 2791 ἀποφαινόμενος
510 2703 588 2794 περὶ
600 2698 709 2793 αὐτῆς.
729 2741 765 2757 -
777 2711 925 2791 Denique
939 2707 1133 2791 conringius
1153 2707 1326 2770 arbitratur

225 2817 327 2876 verba
356 2823 501 2877 extrema
525 2817 667 2882 indicare
688 2836 754 2878 reru
777 2835 838 2878 nou
858 2833 932 2878 esso
952 2815 992 2877 ad
1016 2817 1108 2878 linem
1127 2815 1325 2895 perductam.

229 2919 298 2984 Sed
327 2939 366 2980 oe
397 2921 459 2983 hoc
487 2922 614 3000 quidem
648 2925 675 2984 ei
704 2924 851 2983 assentiri
892 2935 1032 3000 possum.
1086 2922 1214 2982 hauriat
1241 2923 1323 2983 anim

225 3029 421 3090 Aristoteles
441 3015 480 3088 cd
501 3022 611 3107 μέσον,
631 3017 671 3090 τό
691 3015 836 3104 δυνατόν,
856 3017 895 3088 τό
907 3023 1043 3112 πρέπον.
1088 3029 1168 3088 Deio
1182 3027 1324 3091 Platoni·

224 3135 375 3198 ossntvir
388 3133 577 3200 sententiam
589 3133 631 3196 do'
641 3133 815 3198 harmoniis
830 3134 981 3198 remissis.
1029 3135 1109 3202 'loro
1123 3134 1210 3197 addit
1225 3136 1322 3199 liaeo:

214 3233 313 3308 Ὥστε
336 3237 389 3305 καὶ
410 3229 496 3327 πρὸς
515 3230 573 3323 τήν
602 3235 759 3326 ἐσομένην
778 3231 908 3326 ἠλικίαν
926 3231 986 3326 τήν
1005 3237 1070 3304 τῶν
1091 3238 1323 3328 πρεσβυτέρων

220 3345 349 3412 δεῖκαὶ
376 3344 442 3411 τῶν
466 3336 621 3412 τοιούτων
644 3336 818 3432 ορμονιῶν
847 3338 1021 3410 ἅπτεσθαι
1047 3343 1190 3411 καὶτῶν
1215 3347 1324 3431 μελῶν

218 3454 283 3522 τοῖν
301 3443 476 3520 τοιούτων(
499 3445 566 3519 ’Ἐτι
595 3452 660 3519 d'ai'
684 3451 736 3531 τίς
764 3451 835 3519 ἐστι
852 3444 987 3539 τοιαύτη
1018 3451 1084 3518 τῶν
1111 3446 1319 3543 οἷρμονιῶνῖ

217 3561 341 3651 πρέπει
361 3562 403 3652 τῇ
423 3561 488 3628 τοῖν
509 3559 637 3628 παίδων
657 3553 768 3650 ἡλικίᾳ
789 3607 953 3634 ......
985 3558 1084 3647 δῆλον
1104 3554 1157 3628 ὅτι
1184 3553 1321 3642 τούτους

218 3663 317 3760 ὅρους
337 3677 427 3761 τρεῖς
448 3673 601 3761 ποιητέον
630 3668 679 3748 εἰς
704 3665 763 3760 την
788 3670 943 3737 παιδείαν
965 3661 1011 3736 τό
1032 3691 1074 3735 τε
1100 3668 1225 3752 μέσον
1254 3670 1321 3739 καὶ

218 3772 267 3844 τὰ
303 3775 570 3848 δυνατόνκαὶ
606 3778 650 3848 ια’
677 3783 854 3872 πρέπον
896 3787 1022 3866 Quibus
1042 3787 1150 3850 verbis
1172 3792 1319 3871 quaestio

218 3891 258 3954 de
280 3897 398 3974 optima
418 3899 580 3980 republica
595 3909 627 3962 et
648 3899 687 3961 de
701 3919 866 3982 puerorum
889 3897 1078 3960 educatione
1099 3915 1171 3959 maa
1193 3894 1316 3980 quidem

217 4002 375 4082 sententia
404 4015 477 4084 apte
509 4007 718 4071 concluditur.
772 4009 845 4068 Huc
867 4005 1010 4086 accedit,
1041 4004 1125 4088 quod
1153 4005 1316 4068 Aristote-

216 4111 265 4172 les
287 4107 551 4193 disputationem,
580 4118 674 4178 cuius
697 4113 861 4182 exordium
883 4131 904 4176 a
925 4114 1068 4178 Platonis
1088 4115 1204 4180 Politia
1230 4132 1318 4176 aum-

213 4215 277 4298 pait
316 4217 402 4288 (Pol.
432 4219 473 4280 ll.
505 4221 620 4295 l-l'a).
652 4224 872 4287 examinandis
886 4223 1029 4286 eiusdem
1054 4225 1196 4287 Platonis
1235 4241 1317 4286 scu-

209 4324 316 4387 toutiis
347 4343 408 4388 noo
440 4326 567 4392 lortuito
587 4329 677 4392 linire
699 4331 834 4395 videtur.
879 4333 984 4413 Quum
1017 4334 1112 4416 igitur
1134 4333 1317 4400 rationesa
