3124 4918
686 344 892 416 ..45-

245 541 298 604 vel
319 559 465 620 uxorum,
487 539 630 621 liberum,
649 537 801 601 bonorum
823 536 1004 598 commuuio
1026 541 1059 594 et
1081 531 1200 596 institui
1222 540 1343 614 potest,

147 651 152 658 '
243 659 277 712 et
303 650 445 712 instituta
471 668 492 712 a
519 649 654 712 Platone
683 655 735 710 est
762 646 795 707 io
817 637 987 726 Πολιτείᾳ.
1030 643 1114 704 Τιιιιι
1135 641 1343 705 ad'l’latonis

241 757 416 818 institutum
440 755 482 817 de
500 755 684 818 mulieribus
700 762 733 816 et
745 751 853 814 liberis
868 767 1074 834 progressus,
1095 753 1229 832 primum
1251 766 1344 811 oom-

241 863 366 944 probat,
390 862 475 945 quod
496 863 589 926 Plato
612 860 743 924 efficere
765 858 931 936 studuerit,
956 867 1101 940 utquam
1119 861 1258 920 maximo
1281 874 1344 918 ura

241 976 333 1028 esset
357 967 484 1047 civitas,
506 965 537 1029 id
560 966 681 1031 civitati
702 985 765 1030 uon
787 963 880 1028 modo
903 982 964 1026 nou
986 962 1160 1044 prodesse,
1190 963 1343 1025 sedeam
1469 989 1472 994 ·

241 1084 296 1138 aut
311 1075 415 1136 minus
427 1073 639 1136 sufficientem
653 1059 832 1158 [αὐτάρκη]
849 1071 983 1136 reddere
1005 1079 1061 1132 aut
1081 1073 1206 1153 penitus
1224 1071 1343 1134 tollere.

242 1183 323 1249 ueto
345 1182 553 1265 demonstrat,
576 1183 659 1266 quod
680 1185 732 1246 ille
753 1183 903 1262 voluerit,
924 1183 1052 1244 etiamsi
1068 1182 1259 1268 reipublicae
1275 1184 1340 1244 uti-

242 1291 362 1354 litatem
384 1291 510 1373 afferat,
532 1302 639 1356 tamen
661 1292 694 1355 id
717 1310 756 1354 ea
770 1289 1015 1372 haudquaquam
1030 1289 1115 1354 ellici
1131 1291 1222 1372 lege3
1246 1309 1340 1372 quum

242 1397 386 1480 accidat,
416 1407 450 1462 ut
471 1419 583 1463 omnes
604 1419 666 1462 una
689 1399 815 1482 quidem
837 1419 919 1462 voce
942 1399 1047 1462 dioaot
1067 1387 1106 1460 τὸ
1126 1388 1205 1478 ἐμὸν
1225 1393 1280 1460 καὶ
1302 1388 1342 1460 τό

242 1493 290 1588 μή
318 1492 411 1584 ἐμόν,
439 1525 501 1570 uec
530 1517 639 1571 tamen
666 1507 729 1587 ita,
759 1515 794 1570 ut
822 1509 958 1590 aliquam
989 1527 1055 1572 rem
1085 1525 1177 1568 suam
1209 1508 1342 1588 quisquc

243 1614 381 1690 vocitet„
399 1615 480 1676 'lom
493 1615 574 1677 alias
588 1613 793 1678 difficultates
810 1615 974 1695 patefacit,
990 1633 1073 1694 quac
1094 1617 1158 1676 sint
1181 1632 1253 1678 cum
1269 1635 1343 1680 mu·

243 1719 352 1782 ilerum
369 1721 567 1804 liberumque
583 1722 739 1784 societate
754 1725 866 1803 (quam
879 1721 1038 1802 appellant
1050 1720 1344 1793 lCti.)coninnctac

248 1845 308 1892 nee
328 1830 454 1908 possint
474 1838 530 1892 aut
548 1830 707 1893 removeri
724 1839 781 1892 aut
796 1831 897 1890 vitari.
921 1830 1004 1892 Nam
1025 1849 1119 1912 qnnm
1136 1833 1229 1892 cives
1246 1832 1344 1907 iguo-

243 1945 326 2014 reut,
339 1937 429 2000 euius
441 1937 468 1998 is
480 1936 564 1998 lilius
580 1939 622 2000 sit
634 1939 688 2020 qui
703 1937 865 2018 peccavit,
879 1935 947 1998 lieri
963 1957 1025 1998 non
1041 1955 1152 2020 posse,
1173 1937 1247 2019 quin
1267 1955 1344 2000 eura

244 2052 277 2106 et
299 2043 339 2106 de
361 2045 467 2107 liberis
490 2045 666 2108 educandis
694 2052 853 2108 minuatur
881 2055 914 2106 et
935 2043 1154 2108 communibus
1182 2045 1343 2108 derebus

243 2150 398 2212 omnibus.
442 2151 615 2212 Praeterea
639 2151 817 2214 nominihus
845 2161 976 2232 ‚‚uator,
1008 2151 1103 2233 filius,
1132 2154 1250 2234 frater,
1281 2169 1341 2214 co-

243 2257 382 2338 gnatus“
404 2274 528 2318 omnem
552 2254 729 2318 detractum
745 2257 781 2316 iri
795 2257 858 2318 vim
875 2266 907 2318 et
921 2257 1199 2340 significationem.
1221 2259 1341 2341 Neque

243 2364 338 2428 vitari
360 2380 469 2442 posse,
492 2365 568 2442 quin
589 2363 727 2424 nonnulli
748 2363 866 2424 iratres
884 2364 1047 2427 liberosve
1066 2366 1126 2426 sibi
1142 2367 1261 2428 similes
1278 2387 1340 2430 non

244 2469 470 2532 internoscant.
522 2469 598 2531 Huc
629 2467 805 2552 accedero,
840 2471 924 2553 quod
957 2475 1149 2554 cognatione
1182 2474 1339 2556 ignorata,

244 2587 399 2658 cognatus
429 2577 460 2638 in
486 2583 654 2658 cognatum
684 2581 804 2640 crimen
825 2589 1008 2660 perpetrare
1029 2582 1131 2662 possit
1153 2589 1187 2644 et
1208 2581 1339 2663 expiare

244 2687 375 2750 omittat.
413 2685 501 2748 Idem
520 2690 683 2768 pertinere
695 2671 743 2750 ‘ad
763 2698 972 2771 cognatorum
992 2710 1117 2754 amores
1136 2693 1342 2774 illicitamque

244 2793 515 2856 consuetudinem.
568 2795 713 2876 uertique
740 2797 920 2878 caritatem,
956 2816 1039 2880 quae
1072 2799 1153 2860 inter
1183 2799 1274 2860 cives
1306 2805 1340 2860 et

244 2908 402 2982 cognatos
423 2901 512 2962 bonis
534 2899 660 2981 legibus
681 2910 851 2984 augentur,
875 2903 938 2966 ista
958 2905 1033 2986 lego
1057 2905 1152 2966 minui
1172 2923 1340 2984 paeneque

248 3006 400 3088 extingui.
443 3007 611 3070 Postremo
634 3025 768 3090 maguus
790 3007 994 3072 difficultates
1016 3029 1058 3072 ex
1079 3029 1120 3072 eo
1141 3012 1233 3091 oriri,
1256 3011 1341 3092 quod

150 3133 151 3137 ¹
243 3131 285 3175 ex
306 3113 456 3194 agricolis
477 3122 510 3175 et
531 3115 696 3196 opificibus
718 3117 783 3179 uati
806 3117 838 3178 in
859 3116 1027 3180 custodum
1050 3136 1214 3179 numerum
1232 3125 1340 3181 trans·

243 3222 383 3284 ferantur
405 3229 438 3282 et
459 3230 634 3284 retrorsum
656 3221 811 3284 vicissim.
854 3225 948 3287 llaec
970 3223 1010 3286 de
1030 3203 1163 3287 liberum
1184 3243 1339 3288 uxorum-

242 3345 305 3409 que
327 3329 549 3390 eommuuioue
569 3326 654 3397 (Pol.
675 3328 715 3390 ll.
740 3328 857 3400 l—l.).
960 3349 963 3354 ·
1372 3404 1379 3411 ⁴

352 3431 503 3516 Sequitur
524 3431 669 3514 quaestio
690 3432 730 3495 de
753 3433 913 3496 consortio
933 3433 1017 3516 quod
1038 3447 1157 3498 vocent
1178 3438 1339 3500 bonorum.

242 3543 447 3624 Disceptatur
462 3542 571 3622 igitur,
588 3542 743 3605 extribus
757 3543 830 3625 quid
844 3547 887 3607 sit
903 3549 1217 3626 praestantissimum.
1242 3548 1337 3627 Quo-

241 3671 308 3714 rum
330 3671 425 3714 uuum
449 3649 482 3714 id
506 3659 568 3732 est,
590 3659 625 3713 ut
647 3651 716 3734 agri
738 3669 913 3734 omnesque
936 3672 990 3716 res
1009 3673 1069 3719 sua
1088 3657 1203 3738 cuique
1221 3659 1286 3718 sint
1303 3667 1336 3720 et

242 3760 379 3840 propria,
396 3760 574 3823 communia
590 3758 703 3842 fruges
717 3768 749 3823 et
764 3778 860 3841 usus3
881 3762 1015 3826 alterum
1037 3764 1111 3826 huic
1133 3765 1335 3848 contrarium,

243 3867 278 3924 n't
298 3866 366 3944 agri
388 3883 589 3944 communes,
612 3867 723 3949 fruges
744 3868 890 3948 propriae
912 3877 945 3931 et
964 3887 1045 3932 suae
1067 3871 1183 3952 cuique
1205 3870 1336 3954 dentnr3

242 3971 389 4051 tertium,
419 3982 453 4034 ut
486 3975 664 4036 communia
695 3977 760 4038 sint
792 3985 831 4038 et·
857 3984 1022 4058 possessio
1056 3989 1090 4044 et
1108 3980 1336 4044 ususfructus.

242 4077 336 4158 Quod
358 4079 397 4142 ad
419 4081 550 4144 alterurn
573 4083 729 4165 pertinet,
752 4083 904 4148 detineo
926 4095 1052 4170 potest,
1083 4090 1158 4172 quin
1186 4089 1336 4172 nonnulli,

239 4189 351 4256 labore
371 4197 524 4268 suscepto
547 4191 666 4274 maiori,
689 4193 841 4256 minorem
864 4194 926 4256 sibl
942 4195 1069 4275 frugum
1087 4203 1209 4276 partem
1230 4197 1336 4261 tribu·
