3118 4914
226 549 434 648 τεθεώρηται
455 550 625 647 πρότερον,
646 582 729 645 quae
750 573 865 646 postea
892 568 923 628 ln
952 565 1118 648 scriptoris
1147 569 1245 632 verba
1272 589 1328 634 ro·

229 679 322 751 cepta
346 677 421 732 sunt
431 671 467 742 ¹).

313 777 469 854 Quoniam
491 785 566 840 ante
587 781 777 861 explicatum
799 787 875 863 est,
892 799 950 861 per
969 797 1051 860 quoa
1071 781 1190 863 optima
1211 801 1330 867 respu-

228 883 309 946 blica
337 881 480 965 regendo
507 886 570 966 sit,
602 887 689 950 libris
719 887 793 950 Vll.
815 895 849 950 et
871 887 961 952 Vlll.
983 905 1043 950 suo
1073 888 1145 952 loco
1167 893 1328 974 repositis,

227 992 372 1073 sequitur
394 999 429 1054 ut
451 991 587 1074 dicatur,

319 1310 458 1374 optima
474 1308 608 1364 civitas
625 1311 793 1373 quomodo
811 1312 844 1360 et
861 1311 989 1360 natura
1004 1308 1175 1374 gignatur
1192 1317 1226 1362 et

628 1401 918 1467 constituatw).

728 1525 756 1594 s.
777 1521 827 1584 44.

310 1651 376 1729 Qui
392 1652 542 1733 optimam
561 1652 788 1733 rempublicam
800 1652 988 1735 gubernant,
1010 1650 1051 1714 ad
1067 1652 1148 1713 bene
1167 1654 1326 1738 beateque

225 1756 398 1820 vivendum
422 1760 527 1822 omnia
546 1761 666 1822 referre
688 1759 815 1825 debent.
860 1759 954 1838 Quod
987 1779 1082 1842 quum
1104 1760 1212 1825 lacere
1233 1783 1326 1827 nomo

224 1862 340 1944 possit,
362 1863 422 1925 nisi
444 1883 527 1948 quae
548 1873 580 1926 et
602 1866 701 1946 qualia
716 1865 759 1926 sit
775 1866 840 1926 vita
862 1865 958 1927 beata
974 1876 1177 1946 perspectum
1190 1867 1325 1933 babeat:

222 1969 358 2050 primum
389 1969 607 2034 disserendum
640 1979 690 2033 est
712 1970 752 2034 (le
774 1975 842 2034 vita
864 1972 969 2034 beata.
1015 1956 1087 2050 Qua
1110 1974 1235 2055 quidem
1257 1997 1322 2042 non

224 2079 372 2162 cognita,
412 2081 595 2162 ignoramus
623 2079 719 2143 etiarn
753 2079 901 2162 optimam
935 2082 1160 2164 rempublicam
1191 2085 1323 2169 eiusque

223 2187 496 2268 gubernationem.

718 2348 748 2416 s.
770 2341 821 2403 45.

508 2467 548 2516 Dc
567 2463 625 2516 vita
643 2465 723 2516 baala
739 2461 907 2534 (αἱρετωτάτη
923 2463 1012 2532 ζωῇ.)

306 2555 462 2636 Quaestio
483 2557 522 2618 de
542 2559 661 2634 optimo
681 2558 745 2617 or'to
766 2547 864 2638 quarm
880 2559 1009 2634 privato
1036 2557 1237 2635 amputarunt
1259 2559 1322 2620 Iro·

228 2671 348 2728 arabum
370 2671 437 2727 tum
457 2664 587 2742 publico
608 2667 705 2725 totius
726 2666 863 2724 civitatis
883 2681 978 2744 quum
1001 2662 1031 2724 iu
1050 2663 1174 2726 llthicis
1196 2665 1325 2728 uberius

221 2775 366 2836 instituto
385 2773 438 2854 sit,
459 2771 521 2833 hoc
543 2773 612 2834 loco
633 2774 745 2853 paucis
767 2771 955 2833 absolvitur.
997 2772 1076 2834 Vita
1089 2773 1185 2856 igitur
1198 2774 1323 2854 privata

223 2890 256 2944 et
278 2882 404 2962 publica
425 2881 457 2942 in
480 2880 615 2941 honeste
645 2878 772 2962 agendo
804 2867 904 2952 (καλοῖ
925 2865 1098 2962 πράττειν)
1129 2891 1180 2944 est
1205 2883 1321 2962 posita.

221 2989 369 3050 Honeste
389 2995 494 3050 autem
517 3004 617 3067 agere
638 2995 672 3048 et
692 2991 793 3066 iuste,
826 2986 969 3066 fortiter,
1000 2985 1184 3066 prudenter,
1216 2990 1322 3048 conti-

224 3103 336 3158 nenter
356 3113 456 3177 agere
477 3094 561 3157 idern
584 3101 643 3156 est.
687 3095 747 3157 Est
769 3094 850 3156 enim
881 3095 995 3154 vivere
1015 3091 1191 3156 secundum
1213 3093 1319 3154 virtu-

221 3211 307 3282 tem,
328 3221 412 3284 quae
433 3202 475 3264 sit
495 3201 589 3264 bonis
611 3201 753 3263 externis
776 3203 820 3263 ita
840 3200 994 3263 instructa
1006 3243 1015 3282 ,
1050 3207 1084 3262 ut
1112 3203 1237 3282 possint
1259 3199 1321 3264 bo-

223 3321 337 3376 nestae
367 3311 456 3374 effici
476 3311 628 3374 actiones.
649 3296 749 3391 (praeci
775 3297 896 3394 ἀρετῆς
914 3301 1171 3394 κεχορηγημένης
1186 3301 1243 3370 ἐπὶ
1255 3326 1322 3399 ,το-

220 3415 335 3483 σοῦτον
349 3407 434 3481 ὥστε
454 3411 603 3499 μετέχειν
612 3413 677 3478 τῶν
687 3417 757 3478 κατ’
770 3403 890 3500 ἀρετήν
900 3402 1068 3500 πράξεων]
1092 3415 1178 3490 (Pol.
1189 3415 1262 3481 Vll.
1277 3419 1320 3491 l.)

304 3530 408 3593 Unius
430 3535 540 3590 autern
563 3525 699 3589 hominis
722 3522 789 3586 vita
811 3523 958 3606 optabilis
970 3531 1004 3585 et
1018 3523 1114 3585 totius
1129 3524 1321 3608 reipublicae

238 3785 268 3850 1)
284 3786 352 3836 Eum
370 3783 473 3850 quidem
491 3784 599 3848 locum,
624 3781 669 3846 qul
686 3782 727 3830 est
744 3779 770 3832 ln
788 3780 846 3832 l³ol.
867 3780 925 3832 vlt.
942 3782 969 3832 9.
993 3778 1121 3850 Καθάπερ
1139 3776 1186 3887 γᾶη
1201 3784 1319 3848 εἴπομεν,

284 3869 416 3938 ἐνδέχεται
439 3875 480 3923 καὶ
503 3869 600 3928 πάντας
625 3874 750 3920 κοινωνεῖν
775 3864 888 3931 πάντων,
911 3869 952 3918 καὶ
971 3889 1006 3934 μη
1024 3866 1121 3930 uariaretur
1138 3867 1242 3923 πάντων
1258 3862 1319 3922 «11λᾶ

279 3978 336 4010 arcer
336 3979 347 4016 ς
363 3963 448 4026 τινῶν,
465 3973 520 4012 non
531 3961 624 4012 ale.
634 3960 677 4010 to.
688 3957 736 4010 sed
753 3961 789 4009 ad
807 3959 840 4009 11.
858 3957 886 4013 1.
903 3958 1051 4024 pertinere,
1067 3965 1166 4011 contra
1183 3961 1319 4012 Goottlin-

287 4049 359 4115 glum
370 4051 421 4100 lam
438 4050 707 4102 commemorabimus
725 4052 753 4115 s.
771 4053 820 4102 88.

230 4139 264 4207 Β)
281 4137 296 4208 ἦ
311 4142 426 4192 πολιτεία
442 4137 456 4206 ἢ
471 4137 557 4208 ἀρίστη
573 4145 631 4192 τίνα
646 4147 741 4208 πέφυκε
766 4144 881 4208 γίνεσθαι
898 4137 994 4208 τρόπον
1010 4143 1052 4193 aral
1069 4146 1239 4194 καθίστασθαι
1254 4146 1318 4202 πῶς.

285 4233 346 4284 ΡοΙ.
363 4233 410 4284 lll.
430 4231 474 4286 18.
