3118 4914
683 345 889 410 ..81-

228 505 413 603 rmomir,
443 525 526 605 quor
552 526 630 590 me
657 528 730 590 vrr.
760 545 832 592 eun
861 529 919 596 vr.
944 532 1015 605 (ver
1036 549 1112 596 eum
1132 525 1175 596 v.
1203 534 1328 615 porrus)

227 631 353 694 omnino
374 649 437 695 nen
458 635 501 698 sit
522 636 719 700 mniunetus.
743 637 937 701 laevioribus
949 639 1030 702 enim
1048 660 1089 702 ne
1103 641 1177 723 qnid
1199 651 1326 722 praeter

227 740 499 818 exspemttionem
521 745 643 823 veniat,
667 744 862 808 Aristoteles
885 745 958 826 qnid
979 747 1154 828 scripturus
1175 749 1217 810 sit
1240 748 1325 812 indi·

227 861 304 907 erre
325 849 416 912 solet.
440 849 512 912 Ησο
534 859 641 912 antem
663 851 736 914 Ιοοο
755 853 784 914 si
806 854 983 934 perlegeris
1006 855 1104 917 libres
1124 856 1325 930 rv.v.v1.,

225 954 268 1015 its
291 953 438 1018 offendes
461 960 651 1038 septimum,
681 967 788 1022 utres
810 979 829 1022 e
852 961 943 1024 οοεΙο
963 963 1056 1046 Ιεροε
1082 969 1145 1026 tem
1169 965 1330 1044 inexspe··

224 1072 311 1126 etate
332 1066 442 1128 venire
463 1083 526 1129 nen
550 1067 662 1148 possit
695 1069 739 1130 At
761 1087 841 1131 vero
867 1069 896 1130 si
924 1071 1003 1132 libro
1026 1073 1080 1132 ΙΙΙ.
1103 1074 1329 1142 continuantur,

225 1169 298 1236 vn.
320 1180 354 1233 et
377 1169 478 1253 viii,
501 1191 596 1255 qnam
617 1182 704 1254 apte,
726 1193 820 1255 quem
843 1177 1008 1255 praeclare
1019 1177 1108 1242 vm.
1122 1187 1155 1240 et
1166 1179 1224 1242 1v.
1242 1179 1322 1242 inter

223 1293 261 1339 se
272 1278 502 1357 coniunguntur
516 1279 568 1341 illo
584 1279 709 1360 quidem
721 1279 896 1360 prooemio,
914 1279 996 1360 quod
1010 1289 1061 1342 est
1071 1281 1103 1342 in
1114 1283 1216 1361 quarti
1227 1282 1324 1344 initio.

305 1383 433 1446 xvrn.
460 1387 636 1448 Praeterea
663 1385 858 1448 Aristoteles
887 1385 1063 1468 ubieunque
1090 1387 1125 1456 in,
1143 1387 1224 1450 libro
1247 1388 1322 1450 vll.

223 1492 264 1556 de
285 1496 383 1556 rebus
403 1495 565 1576 disputet,
596 1514 679 1578 ques
700 1496 831 1562 easdem
858 1501 892 1560 in
912 1497 1003 1558 libris
1024 1498 1082 1562 lV.
1102 1498 1143 1559 V.
1167 1498 1224 1562 Vl.
1245 1519 1324 1580 pre-

222 1605 294 1685 fert,
317 1605 364 1668 ite
384 1605 545 1669 disserere
565 1607 641 1670 mihi
662 1607 800 1686 videtur,
824 1608 917 1688 quasi
937 1625 996 1670 ees
1017 1608 1149 1688 primum
1173 1609 1320 1692 attingat.

221 1713 337 1774 Mirum
359 1712 393 1777 id
415 1731 542 1795 queque
562 1723 631 1794 est,
659 1715 744 1796 qnod
771 1715 803 1776 in
831 1716 898 1778 Pol.
923 1717 997 1778 vlt.
1018 1717 1049 1782 8.
1071 1717 1209 1780 lectores
1231 1717 1321 1780 deie-

221 1838 301 1901 gnre
319 1821 531 1901 praetermisit
552 1820 593 1883 ed
615 1822 672 1886 iV.
690 1820 720 1884 3.
735 1830 768 1883 et
780 1822 810 1883 4.
832 1830 865 1884 et
887 1822 927 1884 ed
951 1823 1008 1884 Vi.
1031 1823 1081 1900 4.;
1102 1823 1131 1884 in
1153 1824 1220 1887 ΡοΙ.
1242 1825 1317 1888 Vll.

222 1925 271 1987 14.
286 1927 326 1988 ed
344 1926 383 1988 V.
400 1929 434 2003 ¹3
457 1926 528 1988 eliis
548 1927 627 1990 loeis
647 1928 774 2009 septimi
794 1929 836 1991 ad
856 1929 936 1992 elios
948 1929 1061 2010 quarti,
1084 1929 1195 2009 quinti,
1220 1933 1317 1994 sexti.

220 2038 270 2100 De
289 2057 353 2101 une
375 2039 447 2100 Ισοο
469 2039 561 2109 [Vll.
582 2039 631 2112 4.)
652 2048 768 2120 postea
791 2038 903 2102 dicturi
925 2054 1046 2098 snmus.

302 2145 401 2207 Libro
421 2145 518 2226 igitur
538 2147 593 2206 ΙΙΙ.
615 2145 847 2207 eentinuendes
869 2161 945 2208 esse
966 2144 1040 2206 Vii.
1062 2151 1094 2204 et
1116 2143 1205 2206 vill.
1235 2139 1315 2204 indi-

217 2263 293 2316 oent
318 2254 450 2331 nentes,
477 2253 640 2334 signifieat
668 2254 871 2316 Politieerum
898 2253 978 2314 iiber
994 2252 1046 2330 11„
1064 2251 1159 2313 edieit
1173 2250 1243 2314 libri
1256 2252 1313 2314 ΙΙΙ.

218 2375 295 2441 pers
317 2369 350 2422 et
371 2361 455 2440 prior
486 2367 518 2420 et
544 2359 720 2440 posterior,
749 2360 865 2420 elamet
894 2358 1034 2422 eiusdem
1064 2359 1133 2420 iibri
1162 2357 1253 2436 Βοῖος
1281 2365 1318 2420 ut

217 2481 308 2530 sunm
331 2467 361 2528 in
382 2468 487 2528 iocum
509 2465 715 2528 restituentur
737 2465 806 2528 iibri
822 2465 896 2528 vll.
905 2473 940 2526 et
951 2465 1039 2528 vlu.
1061 2482 1157 2546 quem
1178 2463 1316 2526 maxime

217 2573 377 2657 pustulam
397 2573 457 2658 ipsi
481 2583 514 2638 et
535 2584 677 2657 quartus,
700 2573 839 2655 quintus,
860 2582 984 2635 sextus.

300 2685 345 2744 At
372 2701 452 2744 vero
481 2681 567 2763 quod
598 2689 644 2743 tot
672 2681 830 2762 tantisque
859 2682 1009 2742 munitum
1041 2675 1189 2740 videmus
1210 2693 1311 2759 ergu-

217 2793 346 2870 mentis,
378 2789 411 2850 id
442 2794 557 2870 paneis
585 2788 712 2870 quidem
740 2789 852 2852 verbis
882 2787 1069 2851 labefactari
1104 2788 1155 2850 vei
1190 2784 1316 2848 omnino

216 2903 319 2964 everti
340 2903 458 2983 opinati
480 2905 511 2962 ei
533 2909 626 2980 sunt,
658 2899 710 2981 qni
738 2907 848 2960 eontra
875 2897 1033 2958 dixerunt.
1084 2898 1207 2956 lentant
1232 2893 1314 2954 eninr

216 3009 310 3090 quusi
339 3005 496 3087 quotidem
523 3004 775 3084 firmamentum,
807 3001 891 3084 qnod
919 3017 1073 3081 superare
1101 2999 1326 3077 nullsposs'rt

216 3123 474 3199 argumentorum
503 3112 555 3174 vis
583 3119 638 3172 eut
663 3110 775 3190 eopia,
805 3108 906 3176 verbe
933 3107 1017 3172 haee
1046 3106 1132 3180 (Pol.
1154 3106 1226 3168 Vll.
1248 3105 1314 3178 4.);

214 3212 310 3287 Ἐπεὶ·
329 3218 367 3286 δὲ
388 3215 650 3308 πεφροιμίασται
672 3211 715 3285 σοὶ
736 3218 791 3285 νῦν
818 3214 974 3306 εἰρημένα
1002 3215 1081 3306 περὶ
1109 3209 1216 3286 αὐτῶν
1244 3213 1314 3290 καὶ

214 3327 314 3418 περὶ
333 3320 406 3405 τοὶς
429 3319 556 3404 ἄλλοις
575 3317 911 3413 πολιοεὶαςήμῖν
929 3314 1196 3412 τεθεώρηται
1214 3313 1313 3411 πρό·
1361 3331 1362 3334 ’

213 3459 351 3527 τερον,
369 3427 456 3525 ἁρχὴ
472 3434 537 3501 τῶν
554 3433 679 3500 λοιπῶν
698 3429 805 3498 eineis
822 3431 956 3520 requiror
973 3430 1073 3508 ποίας
1086 3424 1176 3508 τινας
1184 3431 1239 3498 δεῖ
1252 3422 1313 3508 τοὶς

212 3538 396 3623 ὑποθέσεις
422 3536 507 3611 εἶναι
531 3541 610 3631 περὶ
630 3534 892 3630 τῆομελλούσης
912 3544 982 3608 κατ’
1006 3533 1101 3630 εὐχὴν
1121 3531 1313 3608 συνεστάναι

213 3643 351 3730 πόλεως.
403 3655 618 3720 Difficultetes
642 3673 725 3736 quae
746 3654 819 3716 inde
841 3655 982 3716 oriuntur
1010 3667 1121 3714 omnes
1151 3653 1311 3712 removeri

213 3767 409 3830 existimavit
431 3764 647 3848 Contingius,
673 3761 762 3825 sind
785 3761 895 3823 librum
918 3763 975 3822 ΙΙΙ.
997 3754 1052 3821 καὶ
1069 3753 1149 3844 περὶ
1166 3746 1226 3832 τοὶς
1248 3747 1312 3820 σ’ἶλ-

212 3861 273 3938 λοις
293 3909 301 3926 .
325 3909 332 3926 .
353 3910 361 3927 .
383 3908 391 3924 .
412 3852 573 3950 πρότερον
594 3865 695 3928 verbe
717 3863 920 3927 referrentur.
959 3862 1026 3927 Sed
1049 3862 1081 3925 id
1103 3861 1173 3924 fieri
1194 3865 1310 3944 nequit.
1404 3937 1406 3940 ¹

212 3970 375 4032 Maximae
402 3979 506 4033 eutem
535 3969 742 4034 difficultates
770 3971 961 4051 exstabunt,
991 3987 1181 4052 quoeunque
1209 3971 1310 4032 verbe

212 4079 265 4141 illa
294 4075 419 4160 quidem
449 4081 607 4160 pertinere
635 4079 764 4144 dixeris.
813 4077 975 4142 Disseruit
1005 4082 1088 4140 enim
1114 4078 1308 4140 Aristoteles

211 4186 252 4250 de
274 4187 391 4268 optime
413 4189 497 4269 vita,
527 4207 663 4270 eamque
690 4187 934 4269 disputationem
957 4183 1059 4250 finivit
1086 4187 1148 4248 ite:
1176 4174 1312 4276 ὅτιμὲν

1035 4295 1058 4358 6
