3118 4914
678 336 887 402 ..pp-

239 522 376 606 ipsemet
406 521 601 584 Aristoteles
632 519 788 601 [lycurgo
810 516 927 580 obiicit.
969 517 1013 580 nt
1033 524 1140 580 tamon
1161 533 1259 598 quum
1282 538 1338 600 per

236 627 503 692 somanitestnm
525 634 576 690 est
597 624 638 688 de
660 625 712 686 bis
732 621 894 707 agendum
909 623 1029 702 luisse,
1064 631 1129 688 tum
1153 625 1340 704 promittitur

238 735 322 798 baec
349 735 491 798 doctrino
522 735 627 816 capite
670 733 779 796 ultimo
800 733 870 795 libri
896 735 920 799 1.
942 729 1036 798 Pol.“
1078 733 1200 812 Quibus
1230 734 1340 796 verbis

241 845 339 906 multa
361 841 485 925 quidem
508 843 616 904 insunt
637 843 730 923 salsa,
762 840 879 924 aliquid
901 849 1009 905 tamen
1030 841 1108 902 veri.
1151 843 1201 904 De
1223 845 1341 904 coniu-

240 970 317 1033 gum
341 950 500 1011 societate
532 949 725 1030 disputatum
755 952 886 1028 saepius
917 956 976 1010 ert.
1031 949 1159 1012 Uxores
1185 951 1340 1030 privatas,

239 1079 301 1120 non
323 1075 509 1120 communes
530 1057 694 1120 habendas
717 1075 794 1119 esse
817 1056 898 1122 dixit
918 1059 949 1119 in
973 1058 1050 1120 libro
1073 1060 1133 1136 ll.;
1163 1077 1266 1140 nequo
1290 1061 1339 1122 eis

242 1161 359 1225 bellum
387 1161 575 1245 gerendum,
605 1179 709 1242 nequo
736 1156 887 1224 συσσίτια
913 1162 1106 1226 instituenda
1127 1163 1186 1238 (cl.
1209 1172 1238 1240 s.
1261 1165 1341 1240 240.

236 1275 295 1336 ·Do
316 1260 430 1354 ὄαιλίᾳ
445 1276 472 1346 ¹)
493 1271 640 1354 coniugia
662 1280 694 1333 et
715 1272 826 1334 uxoris
846 1279 951 1334 autem
974 1273 1216 1336 accuratissime
1237 1274 1344 1354 inqui·
1376 1267 1379 1280 ’

244 1382 321 1444 sivit
341 1381 372 1445 in
396 1380 475 1442 libro
501 1380 572 1446 vll.
615 1381 666 1442 De
686 1387 831 1442 natorum
852 1399 932 1442 vero
954 1359 1114 1442 artissima
1136 1399 1207 1444 cum
1223 1402 1343 1464 paren-

244 1489 327 1550 tibus
356 1487 577 1552 coniunctione
606 1506 779 1569 eorumque
808 1485 848 1548 de
879 1487 1067 1550 educatione
1094 1488 1172 1553 libro
1203 1491 1278 1552 Vll.
1311 1499 1345 1554 et

245 1596 334 1658 Vlll.
358 1595 503 1677 quaestio
524 1603 585 1657 est.
630 1594 678 1656 De
699 1594 888 1658 educatione
909 1605 1015 1659 autern
1037 1598 1167 1658 liberum
1190 1597 1298 1660 dicere
1311 1611 1345 1664 et

245 1703 286 1766 de
314 1704 431 1765 virtute
454 1703 537 1766 idern
568 1714 629 1768 est.
672 1703 720 1766 At
740 1706 780 1764 de
801 1705 969 1766 molieram
991 1707 1177 1768 educatione
1197 1711 1342 1770 niomdt'·

246 1828 308 1888 que
332 1812 455 1869 ratione
475 1826 516 1868 ne
536 1811 727 1869 mentionem
754 1811 878 1888 quidem
905 1827 976 1868 ενοι·
993 1814 1029 1870 in
1058 1812 1274 1888 disputabone
1302 1817 1342 1876 de

244 1922 361 1996 optima
384 1919 565 1994 republica,
594 1927 684 1978 recte
714 1915 838 1998 quidem
868 1915 1069 2000 Conrirrgios.
1127 1918 1189 1997 Qui
1216 1922 1343 2003 quidem

243 2029 333 2092 locus
357 2032 460 2086 utrum
478 2025 615 2105 perierit,
632 2043 672 2086 on
684 2025 726 2086 sit
741 2025 781 2086 ab
794 2025 969 2087 Aristotele
981 2029 1238 2111 praetermissus,
1252 2033 1346 2112 eqni-

245 2133 316 2196 dem
325 2130 645 2194 nondiiudicaverim.
669 2130 792 2209 Quodsi
807 2142 913 2194 autem
927 2133 1120 2194 Aristoteles
1132 2132 1172 2194 de
1183 2136 1345 2204 mulierum

246 2241 367 2299 virtute
388 2244 421 2298 et
442 2235 628 2298 educatione
649 2235 723 2315 quid
746 2236 929 2317 scripserit,
961 2253 1024 2297 uon
1045 2235 1249 2300 dubitandum
1269 2254 1346 2300 esso

246 2343 395 2422 videtur,
428 2341 460 2402 id
488 2343 561 2422 quin
591 2340 837 2420 'theophrastus
865 2341 896 2401 in
930 2339 1147 2404 Oeconomico
1179 2345 1347 2424 receperit.

246 2453 343 2514 Nunc
364 2457 470 2512 autem
492 2447 523 2508 in
544 2447 591 2510 eis
613 2447 655 2508 de
677 2447 829 2508 uxoribus
850 2445 924 2507 nihil
945 2446 1070 2528 legitur,
1092 2449 1175 2531 quod
1206 2451 1289 2514 idem
1312 2453 1345 2516 in

238 2560 375 2624 *Ethicis
397 2569 429 2621 et
450 2556 596 2620 Politicis
617 2573 680 2618 non
702 2554 745 2616 sit
768 2561 823 2616 aut
838 2553 1052 2638 significatum
1068 2566 1124 2620 eut
1142 2557 1346 2640 explanatum

331 2669 388 2732 Vl.
412 2669 563 2751 Sequitur
584 2673 805 2750 argumentum
829 2665 991 2746 quintumt
1013 2640 1099 2746 '‚,Ad
1122 2667 1184 2730 hoc
1205 2670 1344 2750 ipsemet

248 2777 317 2839 Pol.
341 2776 414 2838 Vll.
436 2777 465 2837 5.
490 2776 662 2857 promittit,
675 2792 752 2852 sese
773 2774 927 2848 dicturum
946 2775 1058 2836 iterum
1080 2785 1231 2841 accurate
1251 2777 1291 2840 dc
1311 2799 1348 2841 re

249 2883 406 2963 familiari,
431 2894 551 2964 quanta
579 2884 631 2944 illa
653 2889 797 2963 oporteat
827 2882 956 2942 esseio
978 2883 1138 2962 republica
1161 2885 1347 2953 lectissima.

250 2989 375 3052 Verum
397 2997 430 3051 et
450 2989 512 3051 hoc
534 2986 765 3053 desiderator.“
790 2988 996 3050 Politicurum
1014 2990 1097 3050 illurn
1114 2991 1237 3070 quidem
1255 3011 1347 3073 quem

241 3094 364 3158 ‚citavit
394 3094 497 3156 locum
518 3092 696 3155 adscribam
720 3091 887 3174 integrum.
927 3079 1063 3176 Πλήθει
1085 3087 1190 3155 δὲκαὶ
1210 3091 1350 3179 μεγέθει

256 3188 418 3285 τοσαύτην
444 3189 529 3262 ὥστε
559 3185 725 3261 δύνασθαι
749 3188 827 3272 τούς
856 3192 1023 3274 οἰκοῦντας
1049 3195 1107 3284 ζῆν
1134 3191 1350 3280 σχολάζοντας

252 3303 453 3394 ἐλευθερίως
484 3297 554 3387 ἅμα
594 3301 649 3368 καί
678 3294 865 3391 σωφρόνως.
923 3303 1042 3369 Τοῦτον
1070 3303 1107 3371 δὲ
1139 3299 1195 3371 τὸν
1216 3300 1293 3396 ὅρον
1320 3307 1352 3376 εί

252 3415 360 3492 καλῶς
379 3409 402 3501 ἢ
421 3404 467 3502 μή
488 3409 595 3487 καλῶς
614 3406 758 3495 λέγομεν,
777 3402 915 3498 ὕστερον
925 3407 1141 3478 ἐπισκεπτέον
1155 3407 1347 3504 ακριβέστε.

253 3545 327 3612 ρον,
359 3513 436 3586 ὅταν
457 3511 543 3595 ὅλως
567 3515 647 3605 περὶ
668 3506 812 3604 κτήσεως
830 3514 886 3580 καί
907 3515 966 3604 τῆς
986 3517 1065 3605 περὶ
1085 3512 1143 3606 τήν
1163 3514 1276 3588 οὐσίαν
1298 3518 1352 3590 εὐ-

253 3627 373 3719 πορίας
392 3623 553 3714 συμβαίνῃ
575 3627 751 3708 πατεῖσθαι
777 3622 901 3710 μνείαν,
932 3625 1004 3702 πῶς
1025 3625 1153 3692 δεῖκαὶ
1173 3627 1246 3696 τίνα
1268 3624 1351 3719 τρό.

244 3762 317 3806 -ντον
345 3733 430 3821 ἔχειν
458 3729 543 3826 πρὸς
571 3727 630 3823 τὴν
660 3733 775 3823 χρῆσιν
804 3726 904 3823 αὐτήν
931 3729 1072 3825 (αὐτῆς).
1126 3743 1221 3806 Hanc
1249 3746 1345 3826 igitur

263 3857 576 3874 w

242 3917 247 3923 ’
272 3936 303 3999 1)
321 3938 360 3986 De
377 3937 454 3988 verbi
470 3934 554 4004 ὁμιλία
572 3937 598 3987 vi
616 3935 874 4000 et-slgnltloutlono‚
898 3947 977 3998 quum
995 3947 1049 3985 non
1067 3937 1203 4001 cognitam
1224 3939 1352 3990 babuisse

321 4027 427 4080 videtur
436 4029 610 4096 conringlus,
628 4031 661 4080 cl.
679 4029 742 4083 Oen.
755 4032 776 4080 1.
794 4029 822 4085 4.
839 4030 903 4095 Περὶ
920 4025 949 4078 δὲ
965 4024 1071 4094 ὁμιλίας,
1088 4027 1154 4096 μήθ’.
1170 4028 1232 4084 ὥστε
1250 4031 1350 4084 δεῖσθαι

324 4120 388 4192 μήθ’
404 4119 434 4181 ὧς
451 4119 568 4175 εἰπόντων
585 4121 718 4176 ἆδσνατεῖν
738 4119 878 4191 ἡσυχάζειν,
904 4118 959 4172 ἄλλ’
976 4117 1052 4180 οὕτως
1068 4121 1167 4188 ἐθίζειν,
1183 4123 1246 4178 ὥστε
1262 4125 1352 4187 lucrida

323 4215 393 4283 ἔχειν
410 4212 533 4282 παρόντος
549 4217 590 4266 καί
606 4215 640 4282 μή
656 4214 788 4286 παρόντος.

1165 4317 1187 4378 7
