3124 4918
694 325 902 388 -u.-

243 517 405 582 Morti
425 515 527 597 pluris
547 515 705 578 smmi.
756 509 853 574 Unde
881 507 1000 574 leuem
1029 517 1102 590 est,
1133 517 1168 572 ut
1194 507 1346 592 laminae,

246 624 406 706 negleetis
425 622 524 686 rebus
543 618 731 684 domoefie's
743 617 827 680 bello
841 623 951 681 autem
967 615 1052 678 male
1064 625 1173 699 gesto,
1196 636 1345 701 magnum

245 732 438 814 reipublieae
465 729 618 792 adenem
643 725 876 788 detrimutnm.
931 724 1012 784 'l'um
1040 722 1245 804 reprehendit
1265 741 1348 806 pes-
1448 705 1451 722 ¹

247 839 405 904 senionis
426 840 630 918 partitionem
654 834 757 896 miuus
778 829 974 913 aequabilem
995 831 1153 912 legesque
1175 831 1216 894 de
1236 851 1274 894 re
1294 832 1350 897 la·

248 949 361 1010 miliari
383 945 522 1028 leganda
544 961 585 1006 ae
607 942 649 1006 de
669 937 876 1023 proereandis
898 937 1017 1000 liberis.
1068 937 1192 1000 Deinde
1212 937 1351 1000 laudatis

247 1054 406 1118 nonnullis
426 1051 619 1133 reipublieae
639 1047 804 1126 institutis,
825 1046 971 1127 disputat·
987 1045 1028 1108 de
1047 1046 1190 1128 ephoris,
1204 1047 1351 1126 senibus,

250 1162 403 1246 regibus,
431 1159 593 1241 opositis,
623 1154 802 1219 nauuoffis.
853 1152 999 1232 Denique
1026 1152 1294 1218 haoedaemoniis
1319 1156 1352 1220 id

251 1267 340 1336 laudi
359 1265 499 1332 &udum
520 1283 598 1328 esse
618 1271 733 1345 negat,
762 1259 846 1343 quod
871 1258 1063 1339 posthabitis
1086 1261 1218 1343 reliquis
1244 1265 1352 1326 uirtu-

224 1469 230 1477 ¹
251 1386 345 1468 tibus,
366 1403 461 1448 omne
480 1383 513 1446 in
533 1401 598 1446 nna
618 1379 799 1444 fortitudine
818 1377 958 1442 studium
980 1381 1154 1460 posuerint.

591 1735 1013 1788 DeeivitateCreluut.

752 1912 780 1980 §-
803 1907 853 1969 33.

350 2041 483 2106 Cretum
506 2041 680 2123 eivitatem,
703 2041 808 2124 leges,
829 2039 985 2119 instituta,
1009 2038 1204 2122 disciplinam
1227 2043 1353 2109 ennlert

255 2150 448 2213 Aristoteles
469 2169 539 2212 eoru
561 2148 838 2211 Lueedaemoniis.
890 2150 1099 2230 Respondent
1127 2154 1209 2216 enim
1238 2151 1354 2217 heletis

254 2249 429 2339 περίοικοι,
449 2255 578 2334 ephoris
599 2241 729 2331 κόσμοι,
751 2256 881 2317 senibus
900 2273 1009 2336 senes,
1032 2276 1165 2338 qtrorum
1187 2263 1353 2326 eonsilium

256 2360 373 2422 Cretes
391 2347 513 2442 βουλήν
536 2368 662 2422 voeant.
711 2361 844 2424 Coenon
870 2371 977 2426 autem
1006 2381 1193 2428 communes
1222 2370 1356 2437 Cretum

256 2469 404 2552 propriae
423 2477 513 2550 sunt,
536 2471 743 2552 syssitiisque
765 2479 937 2552 praestant.
988 2471 1107 2552 Neque
1127 2475 1209 2540 enirn
1232 2481 1356 2546 collatis

257 2578 376 2642 eivium
398 2577 565 2660 symbolis,
592 2577 651 2642 sed
671 2578 796 2662 publiee
817 2587 850 2641 et
870 2579 913 2642 ila
930 2590 1163 2664 comparantur,
1180 2595 1215 2648 ut
1230 2587 1356 2668 publiea

257 2697 292 2750 et
309 2705 427 2752 uxores
441 2688 563 2751 alantur
577 2698 610 2752 et
624 2689 723 2755 liberi.
746 2689 856 2772 laeges
869 2697 977 2750 antem
996 2689 1038 2752 de
1051 2690 1207 2773 eligendis
1221 2683 1356 2776 κόσμοις

257 2795 498 2877 postponendae
517 2798 578 2874 eis,
602 2813 685 2877 quae
707 2795 942 2858 [lacedaemoni
963 2805 1038 2859 sunt
1059 2797 1100 2860 de
1122 2801 1259 2880 ephoris.
1282 2805 1356 2868 lle·

257 2903 353 2982 nique
371 2898 636 2982 vituperandum,
667 2899 752 2981 quod
772 2887 889 2978 κόσμοι
910 2902 943 2962 vi
965 2911 1022 2963 aut
1042 2901 1183 2966 fautione
1206 2909 1354 2988 expelle-

258 3009 383 3076 bantur.
425 3006 641 3070 Conseruntur
660 3016 768 3068 autem
791 3006 908 3068 eivitas
929 3007 991 3068 loci
1013 3011 1257 3088 opportunitate.

477 3385 1138 3452 DeelvitateCarthaginiensium.
1228 3460 1232 3466 ι

762 3545 792 3612 a.
815 3507 871 3602 et.

343 3677 448 3740 blulta
461 3674 782 3758 Carthaginiensibus
794 3675 938 3736 instituta
953 3681 1027 3735 sunt
1044 3693 1104 3736 nou
1117 3674 1358 3737 contemnenda.

261 3783 297 3845 ld
319 3803 361 3844 ex
382 3805 421 3848 eo
443 3784 574 3868 intelligi
596 3783 692 3863 lieet,
726 3780 813 3864 quod
845 3781 991 3862 quamvis
1021 3781 1110 3863 plebs
1134 3777 1274 3865 (δῆμος)
1299 3782 1365 3847 fnit.

260 3889 460 3972 reipnhlIeae‚
483 3902 588 3955 tamen
611 3907 673 3952 nen
694 3889 806 3951 seditio
829 3907 965 3970 unquam
983 3896 1051 3950 orta
1064 3897 1115 3951 est
1131 3909 1191 3952 nee
1205 3899 1361 3973 tyrannus

261 3997 393 4059 exstitit.
423 3999 467 4062 Ut
486 3999 628 4080 Cretum,
646 3999 689 4060 ita
710 3998 803 4059 etiam
824 3996 1133 4079 Carthaginiensium
1152 3998 1362 4081 magistratus

263 4123 337 4168 eum
365 4095 629 4169 hanedaemoniis
656 4106 844 4187 composuit.
901 4105 975 4185 Qua
999 4107 1235 4188 comparatione
1255 4108 1362 4171 elneet

263 4215 357 4296 leges
379 4205 494 4296 quibus
517 4211 802 4295 Carthaginienses
816 4212 904 4277 ClV.
918 4214 1056 4278 virorum
1078 4215 1240 4297 imperium
1263 4233 1360 4280 orea-
1493 4255 1503 4276 .
