<?xml version="1.0" encoding="UTF-8"?>
<!DOCTYPE html PUBLIC "-//W3C//DTD XHTML 1.0 Transitional//EN"
    "http://www.w3.org/TR/xhtml1/DTD/xhtml1-transitional.dtd">
<html xmlns="http://www.w3.org/1999/xhtml" xml:lang="en" lang="en">
 <head>
  <title>
</title>
<meta http-equiv="Content-Type" content="text/html;charset=utf-8" />
  <meta name='ocr-system' content='tesseract 3.04.00' />
  <meta name='ocr-capabilities' content='ocr_page ocr_carea ocr_par ocr_line ocrx_word'/>
</head>
<body>
  <div class='ocr_page' id='page_1' title='image "./dearistotelispo01nickgoog_0114.png"; bbox 0 0 3118 4914; ppageno 0'>
   <div class='ocr_carea' id='block_1_1' title="bbox 168 504 1343 3624">
    <p class='ocr_par' dir='ltr' id='par_1_1' title="bbox 168 504 1343 3624">
     <span class='ocr_line' id='line_1_1' title="bbox 240 504 1342 596; baseline 0.011 -28"><span class='ocrx_word' id='word_1_1' title='bbox 240 505 279 568; x_wconf 80' lang='lat' dir='ltr'><strong>oe</strong></span> <span class='ocrx_word' id='word_1_2' title='bbox 317 504 525 584; x_wconf 70' lang='lat' dir='ltr'><strong>institutione·</strong></span> <span class='ocrx_word' id='word_1_3' title='bbox 557 511 729 590; x_wconf 81' lang='lat' dir='ltr'><strong>iuvenum,</strong></span> <span class='ocrx_word' id='word_1_4' title='bbox 773 512 936 591; x_wconf 83' lang='lat' dir='ltr'><strong>virorum,</strong></span> <span class='ocrx_word' id='word_1_5' title='bbox 979 527 1092 574; x_wconf 87' lang='lat' dir='ltr'><strong>scumn</strong></span> <span class='ocrx_word' id='word_1_6' title='bbox 1129 513 1222 596; x_wconf 74' lang='lat' dir='ltr'><strong>piane</strong></span> <span class='ocrx_word' id='word_1_7' title='bbox 1256 515 1342 580; x_wconf 76' lang='lat' dir='ltr'><strong>‘nibil</strong></span> 
     </span>
     <span class='ocr_line' id='line_1_2' title="bbox 168 602 1343 704; baseline 0.009 -31"><span class='ocrx_word' id='word_1_8' title='bbox 168 665 171 673; x_wconf 34' lang='lat' dir='ltr'><strong>r</strong></span> <span class='ocrx_word' id='word_1_9' title='bbox 240 614 386 695; x_wconf 68' lang='lat' dir='ltr'><strong>tegimus.</strong></span> <span class='ocrx_word' id='word_1_10' title='bbox 415 603 486 692; x_wconf 73' lang='grc' dir='ltr'><strong>Οὐχ</strong></span> <span class='ocrx_word' id='word_1_11' title='bbox 504 602 614 676; x_wconf 83' lang='grc' dir='ltr'><strong><em>ίνανὸν</em></strong></span> <span class='ocrx_word' id='word_1_12' title='bbox 635 611 746 688; x_wconf 80' lang='grc' dir='ltr'><strong><em>δ’ίσας</em></strong></span> <span class='ocrx_word' id='word_1_13' title='bbox 765 609 857 689; x_wconf 81' lang='grc' dir='ltr'><strong><em>νέοσς</em></strong></span> <span class='ocrx_word' id='word_1_14' title='bbox 877 603 972 691; x_wconf 79' lang='grc' dir='ltr'><strong><em>ὄντας</em></strong></span> <span class='ocrx_word' id='word_1_15' title='bbox 992 615 1122 704; x_wconf 78' lang='grc' dir='ltr'><strong><em>τροφῆς</em></strong></span> <span class='ocrx_word' id='word_1_16' title='bbox 1141 615 1197 682; x_wconf 82' lang='grc' dir='ltr'><strong>καί</strong></span> <span class='ocrx_word' id='word_1_17' title='bbox 1220 613 1343 700; x_wconf 57' lang='lat' dir='ltr'><strong>imbue*</strong></span> 
     </span>
     <span class='ocr_line' id='line_1_3' title="bbox 239 708 1339 807; baseline 0.005 -27"><span class='ocrx_word' id='word_1_18' title='bbox 239 712 331 791; x_wconf 84' lang='grc' dir='ltr'><strong><em>λσίας</em></strong></span> <span class='ocrx_word' id='word_1_19' title='bbox 351 719 460 796; x_wconf 80' lang='grc' dir='ltr'><strong><em>τυχεῖν</em></strong></span> <span class='ocrx_word' id='word_1_20' title='bbox 481 708 597 803; x_wconf 84' lang='grc' dir='ltr'><strong><em>ὀρθῆς·</em></strong></span> <span class='ocrx_word' id='word_1_21' title='bbox 618 708 690 782; x_wconf 74' lang='lat' dir='ltr'><strong>‹ttt’</strong></span> <span class='ocrx_word' id='word_1_22' title='bbox 713 709 830 803; x_wconf 77' lang='grc' dir='ltr'><strong><em>ἐπειδή</em></strong></span> <span class='ocrx_word' id='word_1_23' title='bbox 851 715 906 782; x_wconf 86' lang='grc' dir='ltr'><strong>καί</strong></span> <span class='ocrx_word' id='word_1_24' title='bbox 928 710 1161 807; x_wconf 69' lang='grc' dir='ltr'><strong>ἀνδρωθέντας</strong></span> <span class='ocrx_word' id='word_1_25' title='bbox 1189 721 1243 788; x_wconf 76' lang='grc' dir='ltr'><strong>δεῖ</strong></span> <span class='ocrx_word' id='word_1_26' title='bbox 1262 719 1339 790; x_wconf 54' lang='grc' dir='ltr'><strong><em>ἐπι.</em></strong></span> 
     </span>
     <span class='ocr_line' id='line_1_4' title="bbox 237 815 1342 917; baseline 0.009 -31"><span class='ocrx_word' id='word_1_27' title='bbox 237 815 387 909; x_wconf 77' lang='grc' dir='ltr'><strong><em>τηθούειν</em></strong></span> <span class='ocrx_word' id='word_1_28' title='bbox 408 816 492 890; x_wconf 72' lang='grc' dir='ltr'><strong><em>αὐτοὶ</em></strong></span> <span class='ocrx_word' id='word_1_29' title='bbox 513 825 568 890; x_wconf 85' lang='grc' dir='ltr'><strong>καί</strong></span> <span class='ocrx_word' id='word_1_30' title='bbox 602 823 795 917; x_wconf 79' lang='grc' dir='ltr'><strong><em>ἐθίζεσθαι,</em></strong></span> <span class='ocrx_word' id='word_1_31' title='bbox 818 823 976 915; x_wconf 78' lang='grc' dir='ltr'><strong><em>καὶπερὶ</em></strong></span> <span class='ocrx_word' id='word_1_32' title='bbox 1004 825 1107 892; x_wconf 84' lang='grc' dir='ltr'><strong><em>ταῦτα</em></strong></span> <span class='ocrx_word' id='word_1_33' title='bbox 1129 827 1279 912; x_wconf 62' lang='lat' dir='ltr'><strong>decimet?</strong></span> <span class='ocrx_word' id='word_1_34' title='bbox 1301 823 1342 896; x_wconf 70' lang='lat' dir='ltr'><strong>bic</strong></span> 
     </span>
     <span class='ocr_line' id='line_1_5' title="bbox 237 923 1340 1026; baseline 0.006 -31"><span class='ocrx_word' id='word_1_35' title='bbox 237 923 344 1014; x_wconf 81' lang='grc' dir='ltr'><strong><em>νόμων</em></strong></span> <span class='ocrx_word' id='word_1_36' title='bbox 365 937 456 1014; x_wconf 75' lang='lat' dir='ltr'><strong>(man.</strong></span> <span class='ocrx_word' id='word_1_37' title='bbox 484 937 550 998; x_wconf 87' lang='lat' dir='ltr'><strong>Nio</strong></span> <span class='ocrx_word' id='word_1_38' title='bbox 570 939 612 1002; x_wconf 89' lang='lat' dir='ltr'><strong>X.</strong></span> <span class='ocrx_word' id='word_1_39' title='bbox 637 937 737 1012; x_wconf 76' lang='lat'>10.).‘⁶</span> <span class='ocrx_word' id='word_1_40' title='bbox 761 939 900 1002; x_wconf 87' lang='lat' dir='ltr'><strong>Primum</strong></span> <span class='ocrx_word' id='word_1_41' title='bbox 923 949 1028 1002; x_wconf 84' lang='lat' dir='ltr'><strong>autem</strong></span> <span class='ocrx_word' id='word_1_42' title='bbox 1052 938 1209 1026; x_wconf 79' lang='lat' dir='ltr'><strong>quodsua</strong></span> <span class='ocrx_word' id='word_1_43' title='bbox 1223 941 1340 1022; x_wconf 83' lang='lat' dir='ltr'><strong>coique</strong></span> 
     </span>
     <span class='ocr_line' id='line_1_6' title="bbox 235 1043 1338 1128; baseline 0.004 -23"><span class='ocrx_word' id='word_1_44' title='bbox 235 1047 333 1105; x_wconf 76' lang='lat' dir='ltr'><strong>seton</strong></span> <span class='ocrx_word' id='word_1_45' title='bbox 356 1043 462 1106; x_wconf 82' lang='lat' dir='ltr'><strong>studia</strong></span> <span class='ocrx_word' id='word_1_46' title='bbox 481 1049 513 1108; x_wconf 89' lang='lat' dir='ltr'><strong>iu</strong></span> <span class='ocrx_word' id='word_1_47' title='bbox 542 1045 744 1108; x_wconf 78' lang='lat' dir='ltr'><strong>Pottttoorum</strong></span> <span class='ocrx_word' id='word_1_48' title='bbox 775 1047 866 1110; x_wconf 83' lang='lat' dir='ltr'><strong>libris</strong></span> <span class='ocrx_word' id='word_1_49' title='bbox 891 1049 1065 1110; x_wconf 77' lang='lat' dir='ltr'><strong>constituta</strong></span> <span class='ocrx_word' id='word_1_50' title='bbox 1094 1065 1173 1108; x_wconf 84' lang='lat' dir='ltr'><strong>esse</strong></span> <span class='ocrx_word' id='word_1_51' title='bbox 1191 1049 1338 1128; x_wconf 79' lang='lat' dir='ltr'><strong>negavit,</strong></span> 
     </span>
     <span class='ocr_line' id='line_1_7' title="bbox 240 1151 1338 1234; baseline 0.004 -20"><span class='ocrx_word' id='word_1_52' title='bbox 240 1152 341 1214; x_wconf 81' lang='lat' dir='ltr'><strong>taisus</strong></span> <span class='ocrx_word' id='word_1_53' title='bbox 369 1159 429 1212; x_wconf 84' lang='lat' dir='ltr'><strong>est</strong></span> <span class='ocrx_word' id='word_1_54' title='bbox 484 1151 727 1215; x_wconf 57' lang='lat' dir='ltr'><strong>Adulescentes&gt;</strong></span> <span class='ocrx_word' id='word_1_55' title='bbox 754 1155 835 1215; x_wconf 78' lang='lat' dir='ltr'><strong>enim</strong></span> <span class='ocrx_word' id='word_1_56' title='bbox 871 1171 976 1234; x_wconf 87' lang='lat' dir='ltr'><strong>usque</strong></span> <span class='ocrx_word' id='word_1_57' title='bbox 1009 1153 1051 1216; x_wconf 84' lang='lat' dir='ltr'><strong>cd</strong></span> <span class='ocrx_word' id='word_1_58' title='bbox 1077 1155 1194 1216; x_wconf 83' lang='lat' dir='ltr'><strong>aetatis</strong></span> <span class='ocrx_word' id='word_1_59' title='bbox 1220 1173 1338 1218; x_wconf 79' lang='lat' dir='ltr'><strong>anuum</strong></span> 
     </span>
     <span class='ocr_line' id='line_1_8' title="bbox 234 1258 1338 1341; baseline 0.002 -19"><span class='ocrx_word' id='word_1_60' title='bbox 234 1259 326 1322; x_wconf 77' lang='lat' dir='ltr'><strong>XXI.</strong></span> <span class='ocrx_word' id='word_1_61' title='bbox 348 1273 476 1339; x_wconf 79' lang='lat' dir='ltr'><strong>operum</strong></span> <span class='ocrx_word' id='word_1_62' title='bbox 498 1258 576 1322; x_wconf 86' lang='lat' dir='ltr'><strong>dare</strong></span> <span class='ocrx_word' id='word_1_63' title='bbox 597 1260 691 1322; x_wconf 86' lang='lat' dir='ltr'><strong>iussit</strong></span> <span class='ocrx_word' id='word_1_64' title='bbox 712 1262 855 1341; x_wconf 82' lang='lat' dir='ltr'><strong>corporis</strong></span> <span class='ocrx_word' id='word_1_65' title='bbox 882 1261 1165 1324; x_wconf 71' lang='lat' dir='ltr'><strong>exercitationibus</strong></span> <span class='ocrx_word' id='word_1_66' title='bbox 1191 1277 1232 1322; x_wconf 89' lang='lat' dir='ltr'><strong>ac</strong></span> <span class='ocrx_word' id='word_1_67' title='bbox 1253 1261 1338 1324; x_wconf 84' lang='lat' dir='ltr'><strong>iibe-</strong></span> 
     </span>
     <span class='ocr_line' id='line_1_9' title="bbox 234 1367 1336 1452; baseline 0.003 -25"><span class='ocrx_word' id='word_1_68' title='bbox 234 1368 355 1430; x_wconf 87' lang='lat' dir='ltr'><strong>ralibus</strong></span> <span class='ocrx_word' id='word_1_69' title='bbox 376 1367 508 1433; x_wconf 88' lang='lat' dir='ltr'><strong>artibus.</strong></span> <span class='ocrx_word' id='word_1_70' title='bbox 551 1369 648 1430; x_wconf 86' lang='lat' dir='ltr'><strong>Viros</strong></span> <span class='ocrx_word' id='word_1_71' title='bbox 670 1377 780 1432; x_wconf 84' lang='lat' dir='ltr'><strong>aetate</strong></span> <span class='ocrx_word' id='word_1_72' title='bbox 803 1370 989 1433; x_wconf 84' lang='lat' dir='ltr'><strong>confirmato</strong></span> <span class='ocrx_word' id='word_1_73' title='bbox 1012 1370 1115 1432; x_wconf 86' lang='lat' dir='ltr'><strong>votuit</strong></span> <span class='ocrx_word' id='word_1_74' title='bbox 1140 1369 1187 1431; x_wconf 85' lang='lat' dir='ltr'><strong>rei</strong></span> <span class='ocrx_word' id='word_1_75' title='bbox 1209 1369 1336 1452; x_wconf 87' lang='lat' dir='ltr'><strong>militari</strong></span> 
     </span>
     <span class='ocr_line' id='line_1_10' title="bbox 232 1463 1334 1558; baseline 0.003 -22"><span class='ocrx_word' id='word_1_76' title='bbox 232 1474 384 1553; x_wconf 72' lang='lat' dir='ltr'><strong>mutiero,</strong></span> <span class='ocrx_word' id='word_1_77' title='bbox 405 1483 481 1536; x_wconf 81' lang='lat' dir='ltr'><strong>notu</strong></span> <span class='ocrx_word' id='word_1_78' title='bbox 503 1476 639 1540; x_wconf 86' lang='lat' dir='ltr'><strong>maiores</strong></span> <span class='ocrx_word' id='word_1_79' title='bbox 659 1475 785 1538; x_wconf 84' lang='lat' dir='ltr'><strong>iudices</strong></span> <span class='ocrx_word' id='word_1_80' title='bbox 805 1493 883 1540; x_wconf 84' lang='lat' dir='ltr'><strong>esso</strong></span> <span class='ocrx_word' id='word_1_81' title='bbox 904 1485 936 1540; x_wconf 90' lang='lat' dir='ltr'><strong>et</strong></span> <span class='ocrx_word' id='word_1_82' title='bbox 956 1463 1203 1558; x_wconf 73' lang='grc' dir='ltr'><strong><em>βοολοοτικονίςς</em></strong></span> <span class='ocrx_word' id='word_1_83' title='bbox 1237 1488 1334 1540; x_wconf 76' lang='lat' dir='ltr'><strong>serres</strong></span> 
     </span>
     <span class='ocr_line' id='line_1_11' title="bbox 235 1581 1339 1666; baseline 0.001 -21"><span class='ocrx_word' id='word_1_84' title='bbox 235 1589 269 1645; x_wconf 90' lang='lat' dir='ltr'><strong>ut</strong></span> <span class='ocrx_word' id='word_1_85' title='bbox 296 1581 510 1646; x_wconf 65' lang='lat' dir='ltr'><strong>sacerdotium</strong></span> <span class='ocrx_word' id='word_1_86' title='bbox 541 1582 655 1646; x_wconf 90' lang='lat' dir='ltr'><strong>inirent</strong></span> <span class='ocrx_word' id='word_1_87' title='bbox 678 1585 851 1665; x_wconf 89' lang='lat' dir='ltr'><strong>praecepit.</strong></span> <span class='ocrx_word' id='word_1_88' title='bbox 901 1582 1094 1666; x_wconf 74' lang='lat' dir='ltr'><strong>Contingius</strong></span> <span class='ocrx_word' id='word_1_89' title='bbox 1119 1593 1225 1648; x_wconf 82' lang='lat' dir='ltr'><strong>autem</strong></span> <span class='ocrx_word' id='word_1_90' title='bbox 1252 1583 1339 1666; x_wconf 82' lang='lat' dir='ltr'><strong>quod</strong></span> 
     </span>
     <span class='ocr_line' id='line_1_12' title="bbox 230 1687 1332 1772; baseline 0.005 -23"><span class='ocrx_word' id='word_1_91' title='bbox 230 1688 324 1771; x_wconf 73' lang='lat' dir='ltr'><strong>leges</strong></span> <span class='ocrx_word' id='word_1_92' title='bbox 346 1687 386 1750; x_wconf 88' lang='lat' dir='ltr'><strong>de</strong></span> <span class='ocrx_word' id='word_1_93' title='bbox 409 1687 523 1752; x_wconf 81' lang='lat' dir='ltr'><strong>officiis</strong></span> <span class='ocrx_word' id='word_1_94' title='bbox 545 1689 838 1772; x_wconf 73' lang='lat' dir='ltr'><strong>institutionemque</strong></span> <span class='ocrx_word' id='word_1_95' title='bbox 861 1689 1022 1767; x_wconf 89' lang='lat' dir='ltr'><strong>iuvenum,</strong></span> <span class='ocrx_word' id='word_1_96' title='bbox 1044 1691 1198 1769; x_wconf 88' lang='lat' dir='ltr'><strong>virorum,</strong></span> <span class='ocrx_word' id='word_1_97' title='bbox 1220 1709 1332 1754; x_wconf 74' lang='lat' dir='ltr'><strong>senum</strong></span> 
     </span>
     <span class='ocr_line' id='line_1_13' title="bbox 233 1798 1335 1882; baseline 0.003 -25"><span class='ocrx_word' id='word_1_98' title='bbox 233 1805 481 1873; x_wconf 76' lang='lat' dir='ltr'><strong>commemorat,</strong></span> <span class='ocrx_word' id='word_1_99' title='bbox 514 1810 648 1877; x_wconf 84' lang='lat' dir='ltr'><strong>putasse</strong></span> <span class='ocrx_word' id='word_1_100' title='bbox 676 1798 803 1862; x_wconf 82' lang='lat' dir='ltr'><strong>videtur</strong></span> <span class='ocrx_word' id='word_1_101' title='bbox 830 1799 860 1862; x_wconf 90' lang='lat' dir='ltr'><strong>io</strong></span> <span class='ocrx_word' id='word_1_102' title='bbox 890 1799 1035 1862; x_wconf 89' lang='lat' dir='ltr'><strong>Politicis</strong></span> <span class='ocrx_word' id='word_1_103' title='bbox 1056 1799 1164 1862; x_wconf 82' lang='lat' dir='ltr'><strong>officia</strong></span> <span class='ocrx_word' id='word_1_104' title='bbox 1186 1807 1218 1861; x_wconf 87' lang='lat' dir='ltr'><strong>et</strong></span> <span class='ocrx_word' id='word_1_105' title='bbox 1238 1800 1335 1882; x_wconf 78' lang='lat' dir='ltr'><strong>teges</strong></span> 
     </span>
     <span class='ocr_line' id='line_1_14' title="bbox 232 1903 1339 1986; baseline 0.002 -22"><span class='ocrx_word' id='word_1_106' title='bbox 232 1903 447 1968; x_wconf 76' lang='lat' dir='ltr'><strong>mnumerauda</strong></span> <span class='ocrx_word' id='word_1_107' title='bbox 469 1903 583 1984; x_wconf 79' lang='lat' dir='ltr'><strong>fuisse,</strong></span> <span class='ocrx_word' id='word_1_108' title='bbox 607 1905 719 1986; x_wconf 88' lang='lat' dir='ltr'><strong>quibus</strong></span> <span class='ocrx_word' id='word_1_109' title='bbox 740 1908 783 1968; x_wconf 86' lang='lat' dir='ltr'><strong>itti</strong></span> <span class='ocrx_word' id='word_1_110' title='bbox 806 1905 846 1968; x_wconf 89' lang='lat' dir='ltr'><strong>ad</strong></span> <span class='ocrx_word' id='word_1_111' title='bbox 869 1907 1021 1970; x_wconf 87' lang='lat' dir='ltr'><strong>virtutem</strong></span> <span class='ocrx_word' id='word_1_112' title='bbox 1042 1905 1207 1970; x_wconf 86' lang='lat' dir='ltr'><strong>colendam</strong></span> <span class='ocrx_word' id='word_1_113' title='bbox 1230 1907 1339 1968; x_wconf 83' lang='lat' dir='ltr'><strong>iuior-·</strong></span> 
     </span>
     <span class='ocr_line' id='line_1_15' title="bbox 230 2009 1332 2094; baseline 0.002 -20"><span class='ocrx_word' id='word_1_114' title='bbox 230 2019 399 2074; x_wconf 77' lang='lat' dir='ltr'><strong>morentur.</strong></span> <span class='ocrx_word' id='word_1_115' title='bbox 442 2013 488 2074; x_wconf 81' lang='lat' dir='ltr'><strong>Ar</strong></span> <span class='ocrx_word' id='word_1_116' title='bbox 508 2009 588 2076; x_wconf 85' lang='lat' dir='ltr'><strong>vero</strong></span> <span class='ocrx_word' id='word_1_117' title='bbox 608 2014 699 2094; x_wconf 80' lang='lat' dir='ltr'><strong>teges</strong></span> <span class='ocrx_word' id='word_1_118' title='bbox 722 2012 764 2074; x_wconf 87' lang='lat' dir='ltr'><strong>de</strong></span> <span class='ocrx_word' id='word_1_119' title='bbox 784 2011 900 2074; x_wconf 85' lang='lat' dir='ltr'><strong>officiis</strong></span> <span class='ocrx_word' id='word_1_120' title='bbox 921 2014 1035 2094; x_wconf 84' lang='lat' dir='ltr'><strong>eisque</strong></span> <span class='ocrx_word' id='word_1_121' title='bbox 1059 2013 1227 2092; x_wconf 82' lang='lat' dir='ltr'><strong>derebus,</strong></span> <span class='ocrx_word' id='word_1_122' title='bbox 1249 2030 1332 2092; x_wconf 73' lang='lat' dir='ltr'><strong>quse</strong></span> 
     </span>
     <span class='ocr_line' id='line_1_16' title="bbox 228 2117 1332 2200; baseline -0.003 -19"><span class='ocrx_word' id='word_1_123' title='bbox 228 2119 396 2183; x_wconf 81' lang='lat' dir='ltr'><strong>faciendae</strong></span> <span class='ocrx_word' id='word_1_124' title='bbox 412 2119 628 2200; x_wconf 82' lang='lat' dir='ltr'><strong>fugiendaeve</strong></span> <span class='ocrx_word' id='word_1_125' title='bbox 648 2124 776 2200; x_wconf 87' lang='lat' dir='ltr'><strong>sunt,io</strong></span> <span class='ocrx_word' id='word_1_126' title='bbox 799 2121 943 2182; x_wconf 88' lang='lat' dir='ltr'><strong>omnibus</strong></span> <span class='ocrx_word' id='word_1_127' title='bbox 967 2117 1100 2182; x_wconf 80' lang='lat' dir='ltr'><strong>eaedem</strong></span> <span class='ocrx_word' id='word_1_128' title='bbox 1122 2127 1196 2182; x_wconf 87' lang='lat' dir='ltr'><strong>suot</strong></span> <span class='ocrx_word' id='word_1_129' title='bbox 1214 2119 1332 2180; x_wconf 90' lang='lat' dir='ltr'><strong>rebus·</strong></span> 
     </span>
     <span class='ocr_line' id='line_1_17' title="bbox 227 2227 1341 2312; baseline -0.001 -22"><span class='ocrx_word' id='word_1_130' title='bbox 227 2227 372 2310; x_wconf 82' lang='lat' dir='ltr'><strong>publicis.</strong></span> <span class='ocrx_word' id='word_1_131' title='bbox 416 2231 527 2312; x_wconf 79' lang='lat' dir='ltr'><strong>begea</strong></span> <span class='ocrx_word' id='word_1_132' title='bbox 549 2237 657 2294; x_wconf 85' lang='lat' dir='ltr'><strong>autam</strong></span> <span class='ocrx_word' id='word_1_133' title='bbox 678 2231 822 2294; x_wconf 83' lang='lat' dir='ltr'><strong>omuibus</strong></span> <span class='ocrx_word' id='word_1_134' title='bbox 844 2231 1031 2293; x_wconf 85' lang='lat' dir='ltr'><strong>civitatibus</strong></span> <span class='ocrx_word' id='word_1_135' title='bbox 1049 2229 1341 2312; x_wconf 57' lang='lat' dir='ltr'><strong>communemsivc</strong></span> 
     </span>
     <span class='ocr_line' id='line_1_18' title="bbox 227 2334 1341 2420; baseline 0.002 -22"><span class='ocrx_word' id='word_1_136' title='bbox 227 2334 385 2400; x_wconf 77' lang='lat' dir='ltr'><strong>adoflieia</strong></span> <span class='ocrx_word' id='word_1_137' title='bbox 407 2346 439 2399; x_wconf 89' lang='lat' dir='ltr'><strong>et</strong></span> <span class='ocrx_word' id='word_1_138' title='bbox 454 2338 591 2400; x_wconf 86' lang='lat' dir='ltr'><strong>virtutes</strong></span> <span class='ocrx_word' id='word_1_139' title='bbox 612 2338 686 2401; x_wconf 88' lang='lat' dir='ltr'><strong>sivo</strong></span> <span class='ocrx_word' id='word_1_140' title='bbox 707 2339 787 2400; x_wconf 83' lang='lat' dir='ltr'><strong>alias</strong></span> <span class='ocrx_word' id='word_1_141' title='bbox 808 2339 850 2402; x_wconf 84' lang='lat' dir='ltr'><strong>ati</strong></span> <span class='ocrx_word' id='word_1_142' title='bbox 870 2357 926 2400; x_wconf 88' lang='lat' dir='ltr'><strong>res</strong></span> <span class='ocrx_word' id='word_1_143' title='bbox 937 2340 1105 2420; x_wconf 84' lang='lat' dir='ltr'><strong>pertinent,</strong></span> <span class='ocrx_word' id='word_1_144' title='bbox 1116 2338 1157 2402; x_wconf 90' lang='lat' dir='ltr'><strong>ab</strong></span> <span class='ocrx_word' id='word_1_145' title='bbox 1179 2337 1228 2399; x_wconf 87' lang='lat' dir='ltr'><strong>eis</strong></span> <span class='ocrx_word' id='word_1_146' title='bbox 1247 2353 1341 2418; x_wconf 47' lang='lat' dir='ltr'><strong>quae,</strong></span> 
     </span>
     <span class='ocr_line' id='line_1_19' title="bbox 225 2447 1326 2528; baseline -0.002 -18"><span class='ocrx_word' id='word_1_147' title='bbox 225 2447 285 2510; x_wconf 81' lang='lat' dir='ltr'><strong>ribi</strong></span> <span class='ocrx_word' id='word_1_148' title='bbox 314 2455 524 2528; x_wconf 85' lang='lat' dir='ltr'><strong>proposuerat</strong></span> <span class='ocrx_word' id='word_1_149' title='bbox 558 2449 750 2512; x_wconf 85' lang='lat' dir='ltr'><strong>Aristoteles</strong></span> <span class='ocrx_word' id='word_1_150' title='bbox 779 2450 901 2511; x_wconf 88' lang='lat' dir='ltr'><strong>alienas</strong></span> <span class='ocrx_word' id='word_1_151' title='bbox 930 2467 1009 2511; x_wconf 80' lang='lat' dir='ltr'><strong>esso</strong></span> <span class='ocrx_word' id='word_1_152' title='bbox 1036 2448 1138 2510; x_wconf 83' lang='lat' dir='ltr'><strong>duxit.</strong></span> <span class='ocrx_word' id='word_1_153' title='bbox 1180 2447 1232 2510; x_wconf 86' lang='lat' dir='ltr'><strong>Cf.</strong></span> <span class='ocrx_word' id='word_1_154' title='bbox 1256 2447 1326 2510; x_wconf 84' lang='lat' dir='ltr'><strong>Pot.</strong></span> 
     </span>
     <span class='ocr_line' id='line_1_20' title="bbox 226 2542 1330 2642; baseline -0.002 -22"><span class='ocrx_word' id='word_1_155' title='bbox 226 2559 284 2620; x_wconf 83' lang='lat' dir='ltr'><strong>lit.</strong></span> <span class='ocrx_word' id='word_1_156' title='bbox 311 2558 358 2619; x_wconf 83' lang='lat'><strong>15.</strong></span> <span class='ocrx_word' id='word_1_157' title='bbox 386 2545 431 2618; x_wconf 84' lang='grc' dir='ltr'>Τό</span> <span class='ocrx_word' id='word_1_158' title='bbox 445 2551 505 2635; x_wconf 84' lang='grc' dir='ltr'><strong>μὲν</strong></span> <span class='ocrx_word' id='word_1_159' title='bbox 514 2542 570 2619; x_wconf 82' lang='grc' dir='ltr'><strong>οὖν</strong></span> <span class='ocrx_word' id='word_1_160' title='bbox 586 2551 667 2640; x_wconf 74' lang='grc' dir='ltr'><strong><em>περὶ</em></strong></span> <span class='ocrx_word' id='word_1_161' title='bbox 680 2553 739 2641; x_wconf 79' lang='grc' dir='ltr'><strong>τῆς</strong></span> <span class='ocrx_word' id='word_1_162' title='bbox 746 2544 900 2641; x_wconf 66' lang='grc' dir='ltr'><strong><em>τοιαύτης</em></strong></span> <span class='ocrx_word' id='word_1_163' title='bbox 918 2552 1115 2642; x_wconf 72' lang='grc' dir='ltr'><strong><em>στρατηγίας</em></strong></span> <span class='ocrx_word' id='word_1_164' title='bbox 1135 2550 1330 2618; x_wconf 79' lang='grc' dir='ltr'><strong><em>ἐπισκοπεῖν</em></strong></span> 
     </span>
     <span class='ocr_line' id='line_1_21' title="bbox 225 2648 1328 2747; baseline 0 -23"><span class='ocrx_word' id='word_1_165' title='bbox 225 2651 332 2743; x_wconf 78' lang='grc' dir='ltr'><strong><em>νόμιον</em></strong></span> <span class='ocrx_word' id='word_1_166' title='bbox 347 2653 415 2741; x_wconf 75' lang='grc' dir='ltr'><strong><em>ἔχει</em></strong></span> <span class='ocrx_word' id='word_1_167' title='bbox 435 2658 558 2742; x_wconf 75' lang='grc' dir='ltr'><strong><em>μᾶλλον</em></strong></span> <span class='ocrx_word' id='word_1_168' title='bbox 579 2650 669 2734; x_wconf 79' lang='grc' dir='ltr'><strong><em>εἶδος</em></strong></span> <span class='ocrx_word' id='word_1_169' title='bbox 688 2651 714 2744; x_wconf 80' lang='grc' dir='ltr'><strong><em>ἢ</em></strong></span> <span class='ocrx_word' id='word_1_170' title='bbox 732 2655 961 2742; x_wconf 80' lang='grc' dir='ltr'><strong><em>πολιτείας·,ἐν</em></strong></span> <span class='ocrx_word' id='word_1_171' title='bbox 982 2648 1168 2734; x_wconf 73' lang='grc' dir='ltr'><strong><em>ἀντάσαις</em></strong></span> <span class='ocrx_word' id='word_1_172' title='bbox 1190 2651 1253 2747; x_wconf 73' lang='grc' dir='ltr'><strong>γαρ</strong></span> <span class='ocrx_word' id='word_1_173' title='bbox 1274 2651 1328 2724; x_wconf 78' lang='grc' dir='ltr'><strong>ἐν·</strong></span> 
     </span>
     <span class='ocr_line' id='line_1_22' title="bbox 223 2758 1326 2855; baseline 0 -23"><span class='ocrx_word' id='word_1_174' title='bbox 223 2767 358 2849; x_wconf 71' lang='grc' dir='ltr'><strong><em>δέχεται</em></strong></span> <span class='ocrx_word' id='word_1_175' title='bbox 383 2766 670 2854; x_wconf 73' lang='grc' dir='ltr'><strong><em>γίγνεσθαιτοῦτο</em></strong></span> <span class='ocrx_word' id='word_1_176' title='bbox 695 2769 770 2846; x_wconf 81' lang='grc' dir='ltr'><strong><em>ταῖς</em></strong></span> <span class='ocrx_word' id='word_1_177' title='bbox 800 2764 994 2844; x_wconf 77' lang='grc' dir='ltr'><strong><em>πολιτείαις·</em></strong></span> <span class='ocrx_word' id='word_1_178' title='bbox 1013 2759 1093 2832; x_wconf 79' lang='grc' dir='ltr'><strong><em>ὥστ’</em></strong></span> <span class='ocrx_word' id='word_1_179' title='bbox 1121 2758 1326 2855; x_wconf 75' lang='grc' dir='ltr'><strong><em>ἀφείσθω</em></strong></span> 
     </span>
     <span class='ocr_line' id='line_1_23' title="bbox 224 2868 1327 2968; baseline 0 -25"><span class='ocrx_word' id='word_1_180' title='bbox 224 2868 282 2966; x_wconf 77' lang='grc' dir='ltr'><strong>τῆν</strong></span> <span class='ocrx_word' id='word_1_181' title='bbox 302 2869 444 2968; x_wconf 79' lang='grc' dir='ltr'><strong><em>πρώτην.</em></strong></span> <span class='ocrx_word' id='word_1_182' title='bbox 466 2883 506 2946; x_wconf 85' lang='lat' dir='ltr'><strong>oi.</strong></span> <span class='ocrx_word' id='word_1_183' title='bbox 521 2885 577 2946; x_wconf 88' lang='lat' dir='ltr'><strong>itt.</strong></span> <span class='ocrx_word' id='word_1_184' title='bbox 602 2887 649 2946; x_wconf 79' lang='lat' dir='ltr'><strong>ib.</strong></span> <span class='ocrx_word' id='word_1_185' title='bbox 671 2885 788 2966; x_wconf 84' lang='lat' dir='ltr'><strong>Neque</strong></span> <span class='ocrx_word' id='word_1_186' title='bbox 803 2885 884 2948; x_wconf 87' lang='lat' dir='ltr'><strong>enim</strong></span> <span class='ocrx_word' id='word_1_187' title='bbox 900 2884 1086 2967; x_wconf 77' lang='lat' dir='ltr'><strong>tegeeaiiaa</strong></span> <span class='ocrx_word' id='word_1_188' title='bbox 1106 2883 1137 2956; x_wconf 80' lang='lat' dir='ltr'><strong>in</strong></span> <span class='ocrx_word' id='word_1_189' title='bbox 1159 2882 1327 2963; x_wconf 78' lang='lat' dir='ltr'><strong>discepta-</strong></span> 
     </span>
     <span class='ocr_line' id='line_1_24' title="bbox 221 2990 1325 3074; baseline -0.005 -18"><span class='ocrx_word' id='word_1_190' title='bbox 221 2993 338 3056; x_wconf 87' lang='lat' dir='ltr'><strong>tionem</strong></span> <span class='ocrx_word' id='word_1_191' title='bbox 353 2993 511 3074; x_wconf 59' lang='grc' dir='ltr'><strong><em>συνῶσι,</em></strong></span> <span class='ocrx_word' id='word_1_192' title='bbox 549 2991 609 3054; x_wconf 88' lang='lat' dir='ltr'><strong>nisi</strong></span> <span class='ocrx_word' id='word_1_193' title='bbox 631 3010 716 3074; x_wconf 87' lang='lat' dir='ltr'><strong>quae</strong></span> <span class='ocrx_word' id='word_1_194' title='bbox 734 2992 876 3055; x_wconf 82' lang='lat' dir='ltr'><strong>diversis</strong></span> <span class='ocrx_word' id='word_1_195' title='bbox 890 2992 1192 3073; x_wconf 81' lang='lat' dir='ltr'><strong>rerumpublicarum</strong></span> <span class='ocrx_word' id='word_1_196' title='bbox 1215 2990 1325 3052; x_wconf 79' lang='lat' dir='ltr'><strong>formis</strong></span> 
     </span>
     <span class='ocr_line' id='line_1_25' title="bbox 221 3100 1328 3187; baseline -0.003 -23"><span class='ocrx_word' id='word_1_197' title='bbox 221 3110 298 3164; x_wconf 80' lang='lat' dir='ltr'><strong>suat</strong></span> <span class='ocrx_word' id='word_1_198' title='bbox 332 3103 497 3182; x_wconf 71' lang='lat' dir='ltr'><strong>propriae,</strong></span> <span class='ocrx_word' id='word_1_199' title='bbox 520 3102 637 3187; x_wconf 84' lang='lat' dir='ltr'><strong>¹voluti</strong></span> <span class='ocrx_word' id='word_1_200' title='bbox 678 3102 792 3182; x_wconf 84' lang='lat' dir='ltr'><strong>quibus</strong></span> <span class='ocrx_word' id='word_1_201' title='bbox 822 3102 998 3184; x_wconf 89' lang='lat' dir='ltr'><strong>statuitur,</strong></span> <span class='ocrx_word' id='word_1_202' title='bbox 1037 3109 1120 3183; x_wconf 82' lang='lat' dir='ltr'><strong>quot</strong></span> <span class='ocrx_word' id='word_1_203' title='bbox 1150 3107 1184 3164; x_wconf 87' lang='lat' dir='ltr'><strong>et</strong></span> <span class='ocrx_word' id='word_1_204' title='bbox 1212 3100 1328 3181; x_wconf 84' lang='lat' dir='ltr'><strong>quates</strong></span> 
     </span>
     <span class='ocr_line' id='line_1_26' title="bbox 222 3207 1328 3293; baseline -0.006 -21"><span class='ocrx_word' id='word_1_205' title='bbox 222 3210 418 3290; x_wconf 81' lang='lat' dir='ltr'><strong>reipublicae</strong></span> <span class='ocrx_word' id='word_1_206' title='bbox 447 3211 609 3290; x_wconf 85' lang='lat' dir='ltr'><strong>praesint,</strong></span> <span class='ocrx_word' id='word_1_207' title='bbox 643 3227 701 3291; x_wconf 83' lang='lat' dir='ltr'><strong>per</strong></span> <span class='ocrx_word' id='word_1_208' title='bbox 732 3228 812 3292; x_wconf 89' lang='lat' dir='ltr'><strong>quos</strong></span> <span class='ocrx_word' id='word_1_209' title='bbox 844 3211 1054 3293; x_wconf 74' lang='lat' dir='ltr'><strong>magistratus</strong></span> <span class='ocrx_word' id='word_1_210' title='bbox 1084 3218 1180 3271; x_wconf 85' lang='lat' dir='ltr'><strong>etex</strong></span> <span class='ocrx_word' id='word_1_211' title='bbox 1201 3207 1328 3287; x_wconf 82' lang='lat' dir='ltr'><strong>quibus,</strong></span> 
     </span>
     <span class='ocr_line' id='line_1_27' title="bbox 225 3312 1322 3399; baseline -0.007 -21"><span class='ocrx_word' id='word_1_212' title='bbox 225 3315 410 3399; x_wconf 79' lang='lat' dir='ltr'><strong>deligantur.</strong></span> <span class='ocrx_word' id='word_1_213' title='bbox 454 3317 564 3399; x_wconf 81' lang='lat' dir='ltr'><strong>begos</strong></span> <span class='ocrx_word' id='word_1_214' title='bbox 586 3335 664 3378; x_wconf 86' lang='lat' dir='ltr'><strong>vero</strong></span> <span class='ocrx_word' id='word_1_215' title='bbox 687 3333 769 3398; x_wconf 81' lang='lat' dir='ltr'><strong>quae</strong></span> <span class='ocrx_word' id='word_1_216' title='bbox 789 3326 866 3380; x_wconf 87' lang='lat' dir='ltr'><strong>sont</strong></span> <span class='ocrx_word' id='word_1_217' title='bbox 886 3317 927 3380; x_wconf 87' lang='lat' dir='ltr'><strong>do</strong></span> <span class='ocrx_word' id='word_1_218' title='bbox 947 3316 1122 3380; x_wconf 85' lang='lat' dir='ltr'><strong>virtutibus</strong></span> <span class='ocrx_word' id='word_1_219' title='bbox 1137 3312 1322 3386; x_wconf 72' lang='lat' dir='ltr'><strong>moralibus,</strong></span> 
     </span>
     <span class='ocr_line' id='line_1_28' title="bbox 222 3425 1325 3518; baseline -0.011 -21"><span class='ocrx_word' id='word_1_220' title='bbox 222 3447 321 3518; x_wconf 89' lang='lat' dir='ltr'><strong>qttum</strong></span> <span class='ocrx_word' id='word_1_221' title='bbox 344 3435 375 3497; x_wconf 93' lang='lat' dir='ltr'><strong>in</strong></span> <span class='ocrx_word' id='word_1_222' title='bbox 396 3433 600 3498; x_wconf 89' lang='lat' dir='ltr'><strong>Politioorum</strong></span> <span class='ocrx_word' id='word_1_223' title='bbox 622 3433 710 3494; x_wconf 85' lang='lat' dir='ltr'><strong>tibris</strong></span> <span class='ocrx_word' id='word_1_224' title='bbox 730 3450 791 3496; x_wconf 87' lang='lat' dir='ltr'><strong>non</strong></span> <span class='ocrx_word' id='word_1_225' title='bbox 816 3434 988 3516; x_wconf 76' lang='lat' dir='ltr'><strong>tetigerit,</strong></span> <span class='ocrx_word' id='word_1_226' title='bbox 1007 3431 1176 3512; x_wconf 83' lang='lat' dir='ltr'><strong>retiquissa</strong></span> <span class='ocrx_word' id='word_1_227' title='bbox 1198 3425 1325 3490; x_wconf 87' lang='lat' dir='ltr'><strong>videtur</strong></span> 
     </span>
     <span class='ocr_line' id='line_1_29' title="bbox 220 3525 1324 3624; baseline -0.013 -20"><span class='ocrx_word' id='word_1_228' title='bbox 220 3541 356 3624; x_wconf 81' lang='lat' dir='ltr'><strong>politicis</strong></span> <span class='ocrx_word' id='word_1_229' title='bbox 379 3557 406 3602; x_wconf 89' lang='lat' dir='ltr'><strong>s.</strong></span> <span class='ocrx_word' id='word_1_230' title='bbox 428 3533 661 3618; x_wconf 79' lang='grc' dir='ltr'><strong><em>βοολευτικσῖς,</em></strong></span> <span class='ocrx_word' id='word_1_231' title='bbox 685 3542 739 3620; x_wconf 92' lang='lat' dir='ltr'><strong>qui</strong></span> <span class='ocrx_word' id='word_1_232' title='bbox 760 3557 803 3599; x_wconf 84' lang='lat' dir='ltr'><strong>ex</strong></span> <span class='ocrx_word' id='word_1_233' title='bbox 814 3539 938 3603; x_wconf 79' lang='lat' dir='ltr'><strong>tbthtois</strong></span> <span class='ocrx_word' id='word_1_234' title='bbox 957 3539 1051 3600; x_wconf 84' lang='lat' dir='ltr'><strong>finem</strong></span> <span class='ocrx_word' id='word_1_235' title='bbox 1073 3531 1132 3619; x_wconf 85' lang='grc' dir='ltr'><strong>τῆς</strong></span> <span class='ocrx_word' id='word_1_236' title='bbox 1152 3525 1324 3614; x_wconf 83' lang='grc' dir='ltr'><strong><em>πολιτικῆς</em></strong></span> 
     </span>
    </p>
   </div>
   <div class='ocr_carea' id='block_1_2' title="bbox 92 3645 1321 3736">
    <p class='ocr_par' dir='ltr' id='par_1_2' title="bbox 92 3645 1321 3736">
     <span class='ocr_line' id='line_1_30' title="bbox 92 3645 1321 3736; baseline -0.012 -19"><span class='ocrx_word' id='word_1_237' title='bbox 92 3721 94 3724; x_wconf 69' lang='grc'><strong><em>,</em></strong></span> <span class='ocrx_word' id='word_1_238' title='bbox 218 3653 380 3736; x_wconf 86' lang='lat' dir='ltr'><strong>cognitum</strong></span> <span class='ocrx_word' id='word_1_239' title='bbox 401 3650 555 3712; x_wconf 84' lang='lat' dir='ltr'><strong>haberent</strong></span> <span class='ocrx_word' id='word_1_240' title='bbox 575 3651 839 3731; x_wconf 84' lang='lat' dir='ltr'><strong>singularumque</strong></span> <span class='ocrx_word' id='word_1_241' title='bbox 860 3650 1013 3708; x_wconf 89' lang='lat' dir='ltr'><strong>virtutum</strong></span> <span class='ocrx_word' id='word_1_242' title='bbox 1037 3645 1100 3707; x_wconf 89' lang='lat' dir='ltr'><strong>vim</strong></span> <span class='ocrx_word' id='word_1_243' title='bbox 1120 3651 1153 3706; x_wconf 90' lang='lat' dir='ltr'><strong>et</strong></span> <span class='ocrx_word' id='word_1_244' title='bbox 1167 3647 1321 3706; x_wconf 80' lang='lat' dir='ltr'><strong>usturam.</strong></span> 
     </span>
    </p>
   </div>
   <div class='ocr_carea' id='block_1_3' title="bbox 188 3750 1323 4277">
    <p class='ocr_par' dir='ltr' id='par_1_3' title="bbox 188 3750 1323 4277">
     <span class='ocr_line' id='line_1_31' title="bbox 306 3750 1321 3837; baseline -0.012 -15"><span class='ocrx_word' id='word_1_245' title='bbox 306 3759 348 3826; x_wconf 86' lang='lat' dir='ltr'><strong>V.</strong></span> <span class='ocrx_word' id='word_1_246' title='bbox 370 3759 601 3822; x_wconf 75' lang='lat' dir='ltr'><strong>Examinemus</strong></span> <span class='ocrx_word' id='word_1_247' title='bbox 635 3764 856 3837; x_wconf 81' lang='lat' dir='ltr'><strong>argumentum</strong></span> <span class='ocrx_word' id='word_1_248' title='bbox 885 3762 1044 3836; x_wconf 81' lang='lat' dir='ltr'><strong>quartum:</strong></span> <span class='ocrx_word' id='word_1_249' title='bbox 1083 3750 1196 3832; x_wconf 85' lang='lat' dir='ltr'><strong>„Nitit</strong></span> <span class='ocrx_word' id='word_1_250' title='bbox 1219 3751 1321 3812; x_wconf 37' lang='lat' dir='ltr'><strong>*etiam</strong></span> 
     </span>
     <span class='ocr_line' id='line_1_32' title="bbox 217 3857 1322 3946; baseline -0.01 -17"><span class='ocrx_word' id='word_1_251' title='bbox 217 3865 364 3929; x_wconf 86' lang='lat' dir='ltr'><strong>videmus</strong></span> <span class='ocrx_word' id='word_1_252' title='bbox 386 3865 425 3927; x_wconf 88' lang='lat' dir='ltr'><strong>de</strong></span> <span class='ocrx_word' id='word_1_253' title='bbox 448 3865 605 3927; x_wconf 88' lang='lat' dir='ltr'><strong>societate</strong></span> <span class='ocrx_word' id='word_1_254' title='bbox 628 3863 808 3946; x_wconf 85' lang='lat' dir='ltr'><strong>coniugati,</strong></span> <span class='ocrx_word' id='word_1_255' title='bbox 837 3857 994 3946; x_wconf 91' lang='lat' dir='ltr'><strong>quomodo</strong></span> <span class='ocrx_word' id='word_1_256' title='bbox 1016 3859 1067 3920; x_wconf 86' lang='lat' dir='ltr'><strong>iiia</strong></span> <span class='ocrx_word' id='word_1_257' title='bbox 1089 3875 1181 3940; x_wconf 90' lang='lat' dir='ltr'><strong>quam</strong></span> <span class='ocrx_word' id='word_1_258' title='bbox 1205 3857 1322 3938; x_wconf 88' lang='lat' dir='ltr'><strong>optime</strong></span> 
     </span>
     <span class='ocr_line' id='line_1_33' title="bbox 218 3963 1323 4052; baseline -0.014 -12"><span class='ocrx_word' id='word_1_259' title='bbox 218 3975 334 4040; x_wconf 86' lang='lat' dir='ltr'><strong>debeat</strong></span> <span class='ocrx_word' id='word_1_260' title='bbox 355 3974 515 4052; x_wconf 84' lang='lat' dir='ltr'><strong>exerceri,</strong></span> <span class='ocrx_word' id='word_1_261' title='bbox 552 3980 607 4034; x_wconf 89' lang='lat' dir='ltr'><strong>aut</strong></span> <span class='ocrx_word' id='word_1_262' title='bbox 628 3988 707 4032; x_wconf 87' lang='lat' dir='ltr'><strong>vero</strong></span> <span class='ocrx_word' id='word_1_263' title='bbox 730 3969 887 4052; x_wconf 90' lang='lat' dir='ltr'><strong>quomodo</strong></span> <span class='ocrx_word' id='word_1_264' title='bbox 909 3985 1023 4052; x_wconf 87' lang='lat' dir='ltr'><strong>gerere</strong></span> <span class='ocrx_word' id='word_1_265' title='bbox 1043 3985 1080 4027; x_wconf 87' lang='lat' dir='ltr'><strong>se</strong></span> <span class='ocrx_word' id='word_1_266' title='bbox 1102 3965 1239 4028; x_wconf 85' lang='lat' dir='ltr'><strong>feminae</strong></span> <span class='ocrx_word' id='word_1_267' title='bbox 1262 3963 1323 4026; x_wconf 89' lang='lat' dir='ltr'><strong>de-</strong></span> 
     </span>
     <span class='ocr_line' id='line_1_34' title="bbox 216 4075 1318 4166; baseline -0.015 -18"><span class='ocrx_word' id='word_1_268' title='bbox 216 4085 335 4166; x_wconf 85' lang='lat' dir='ltr'><strong>beant,</strong></span> <span class='ocrx_word' id='word_1_269' title='bbox 366 4100 448 4164; x_wconf 85' lang='lat' dir='ltr'><strong>quae</strong></span> <span class='ocrx_word' id='word_1_270' title='bbox 468 4083 601 4148; x_wconf 85' lang='lat' dir='ltr'><strong>atteram</strong></span> <span class='ocrx_word' id='word_1_271' title='bbox 627 4078 769 4144; x_wconf 85' lang='lat' dir='ltr'><strong>civitatis</strong></span> <span class='ocrx_word' id='word_1_272' title='bbox 791 4085 911 4159; x_wconf 84' lang='lat' dir='ltr'><strong>partem</strong></span> <span class='ocrx_word' id='word_1_273' title='bbox 931 4075 1139 4150; x_wconf 86' lang='lat' dir='ltr'><strong>constituunt,</strong></span> <span class='ocrx_word' id='word_1_274' title='bbox 1173 4089 1318 4154; x_wconf 78' lang='lat' dir='ltr'><strong>quasque</strong></span> 
     </span>
     <span class='ocr_line' id='line_1_35' title="bbox 188 4178 1316 4277; baseline -0.018 -18"><span class='ocrx_word' id='word_1_275' title='bbox 188 4215 276 4277; x_wconf 72' lang='lat' dir='ltr'><strong>vnon</strong></span> <span class='ocrx_word' id='word_1_276' title='bbox 314 4193 394 4256; x_wconf 85' lang='lat' dir='ltr'><strong>bene</strong></span> <span class='ocrx_word' id='word_1_277' title='bbox 426 4190 617 4257; x_wconf 86' lang='lat' dir='ltr'><strong>constitutas</strong></span> <span class='ocrx_word' id='word_1_278' title='bbox 654 4188 842 4270; x_wconf 83' lang='lat' dir='ltr'><strong>Spartorum</strong></span> <span class='ocrx_word' id='word_1_279' title='bbox 876 4182 1100 4265; x_wconf 87' lang='lat' dir='ltr'><strong>rempublicam</strong></span> <span class='ocrx_word' id='word_1_280' title='bbox 1128 4178 1316 4261; x_wconf 42' lang='lat' dir='ltr'><strong>*perdidisse</strong></span> 
     </span>
    </p>
   </div>
   <div class='ocr_carea' id='block_1_4' title="bbox 0 0 1564 4914">
    <p class='ocr_par' dir='ltr' id='par_1_4' title="bbox 0 0 1564 4914">
     <span class='ocr_line' id='line_1_36' title="bbox 0 0 1564 4914; baseline 0 10"><span class='ocrx_word' id='word_1_281' title='bbox 0 0 1564 4914; x_wconf 95' lang='lat' dir='ltr'><strong> </strong></span> 
     </span>
    </p>
   </div>
  </div>
 </body>
</html>
