3124 4918
672 371 714 387 ...
755 337 801 403 02
840 369 881 386 ..

752 531 817 588 ΙΙΙ.

440 629 588 698 Quluarn
606 628 753 682 olritaal
769 629 843 680 slat
860 626 1104 692 praertotenot.

699 748 832 847 bled.

310 873 362 934 Ex
383 871 483 934 tribus
506 871 747 952 quaestionibus
766 891 828 934 una
848 881 899 934 est
917 872 1047 953 reliqua.
1091 868 1184 948 Quae
1203 867 1330 952 quidem

228 982 271 1044 ila
293 991 479 1062 eomparata
500 989 569 1060 est,
598 989 633 1042 ut
655 977 861 1041 Aristotelem
886 981 916 1041 iu
939 977 1185 1060 disputationem
1208 975 1248 1038 de
1270 995 1331 1057 op·

227 1091 303 1151 tima
325 1089 486 1170 republica
510 1090 600 1170 quasi
634 1089 772 1152 inducet.
815 1089 877 1152 Est
909 1097 1017 1154 autem
1041 1089 1142 1153 bueo:
1165 1081 1198 1149 al
1219 1073 1332 1148 daird

227 1184 338 1281 κύριον
358 1183 441 1258 εἶναι
469 1192 529 1282 τῆς
557 1185 704 1278 πόλεως;
726 1199 837 1262 Utrum
868 1198 1080 1275 multitudini,
1108 1217 1148 1261 au
1177 1197 1329 1278 copiosis,

227 1321 269 1366 an
291 1303 492 1384 optimatibus
513 1297 704 1379 (ἐπιεικέσι)
727 1307 758 1368 iu
780 1305 943 1388 republica
960 1303 1125 1386 imperium
1138 1301 1328 1368 tradendum

210 1411 282 1493 ¹sit,
305 1431 345 1474 an
368 1414 419 1476 oui
443 1415 579 1478 omnium
604 1416 744 1496 optimo,
774 1435 814 1478 au
836 1421 984 1497 tyranno.
1033 1411 1101 1477 Sed
1123 1429 1233 1474 eorum
1255 1407 1330 1492 quid

229 1519 280 1582 vis
303 1519 399 1584 babet
421 1521 577 1604 quandam
600 1521 835 1586 dubitationem.
880 1519 998 1603 Neque
1021 1519 1103 1583 euim
1126 1523 1242 1582 iustum
1265 1525 1329 1599 est,

231 1635 267 1690 ut
288 1635 442 1711 tyrannus
463 1637 518 1692 aut
540 1648 700 1712 pauperes
722 1648 852 1694 numero
872 1631 1054 1712 superiores
1072 1629 1188 1691 ceteris
1204 1623 1331 1689 oivibus

229 1753 286 1819 per
317 1735 380 1798 vim
409 1737 492 1800 bona
521 1739 664 1820 eripiant.
712 1737 837 1800 Doleeti
865 1737 962 1820 igitur
989 1735 1116 1818 quidam
1138 1734 1331 1818 reipublieae

228 1843 434 1924 praelioieudi
461 1852 535 1906 sunt
564 1852 619 1907 aut
646 1861 728 1906 unus
750 1845 897 1926 optimus.
949 1843 994 1904 At
1020 1843 1204 1905 alterutrum
1233 1838 1330 1920 silit,

229 1951 340 2032 reliqui
368 1952 462 2014 oives
491 1951 663 2013 honoribus
696 1951 845 2012 orbantur
878 1949 1033 2016 omnibus.
1086 1948 1154 2012 Sed
1188 1945 1330 2012 fortasse

229 2057 355 2138 legibus
377 2057 555 2140 respublica
578 2055 717 2138 regenda
739 2066 799 2118 est.
843 2057 928 2134 Quid
950 2055 1053 2122 verbi
1078 2059 1106 2118 sl
1128 2043 1331 2140 ὀλιγαρχικαὶ

229 2175 304 2228 suut
325 2167 416 2248 leges
438 2173 493 2228 aut
515 2157 773 2250 dqponporanot'l
818 2163 1036 2242 Quaestioues
1064 2163 1104 2228 de
1126 2183 1189 2226 uno
1212 2163 1330 2244 optimo

231 2281 264 2336 et
293 2273 334 2336 de
367 2273 570 2354 optimatibus
598 2272 630 2334 iu
659 2271 754 2334 alium
784 2271 888 2334 looum
920 2269 1115 2334 differuntur.
1167 2271 1333 2336 Subtiliter

231 2381 302 2445 dein
319 2381 543 2464 comprobatur
558 2379 724 2464 populum,
740 2379 834 2443 modo
855 2399 894 2441 ne
912 2381 954 2442 sit
969 2378 1115 2462 deterior,
1138 2379 1330 2462 reipublieae

228 2489 274 2554 ita
294 2488 541 2572 praeficiendum
564 2507 656 2573 esse,
686 2497 722 2552 ut
750 2489 792 2550 sit
820 2491 984 2570 partieeps
1010 2486 1204 2567 iudioiorum‚
1227 2486 1328 2567 eligat

228 2597 433 2676 magistratus
454 2595 493 2656 ab
516 2593 626 2676 eisque
649 2582 803 2656 rationem
824 2599 985 2673 reposoat.
1028 2592 1141 2672 lieges
1164 2609 1243 2652 vero
1266 2589 1328 2652 de-

230 2701 308 2764 bere
333 2702 527 2782 reipublioae
556 2709 588 2762 et
616 2717 769 2781 praeesse
798 2705 832 2761 et
860 2698 1034 2781 imperare,
1065 2715 1122 2778 per
1144 2695 1329 2778 sequidem

231 2807 339 2890 liquet.
391 2809 484 2888 Quae
510 2817 616 2873 autem
645 2829 708 2872 uon
730 2809 812 2874 satis
834 2809 986 2873 distinete
1007 2810 1038 2872 in
1059 2805 1187 2894 legibus
1201 2809 1330 2892 'seripta

228 2928 321 3000 saut,
352 2917 552 2982 diiudicanda
582 2938 621 2982 ea
649 2929 724 2982 suut
748 2920 800 2982 aui
829 2920 882 2982 vel
910 2919 1060 3002 pluribus.
1109 2921 1221 3004 Leges
1249 2941 1329 2985 varo

229 3045 367 3091 neeesse
389 3037 443 3091 est
463 3028 567 3092 bouae
586 3032 652 3092 siut
674 3037 707 3092 et
728 3029 843 3092 iustae.
869 3029 978 3092 lionae
999 3039 1107 3092 autem
1129 3031 1247 3112 nullae,
1270 3029 1330 3094 uisi

228 3133 269 3198 ad
292 3135 465 3218 probabilia
488 3137 680 3218 reipublicae
700 3155 822 3219 genera
844 3138 1114 3203 accommodatae.

314 3243 419 3322 Quum
442 3251 550 3308 autem
573 3263 667 3326 pares
688 3263 746 3327 par
762 3243 909 3327 quiddam
932 3253 965 3308 et
987 3245 1153 3329 aequabile
1174 3243 1235 3308 sibi
1255 3245 1331 3306 arin-¹

231 3347 349 3429 dicent,
373 3351 498 3430 quaerit
510 3343 712 3412 'Aristoteles
734 3351 848 3433 quibus
867 3351 966 3413 rebus
985 3351 1015 3413 ei
1034 3368 1129 3432 pares
1148 3351 1212 3411 siut
1232 3365 1330 3429 opor-

230 3465 309 3539 teat,
329 3459 380 3540 qui
403 3477 498 3539 pares
519 3458 657 3522 bonores
679 3459 763 3521 iuste
785 3466 905 3541 petant.
956 3459 1144 3540 Quicunque
1164 3455 1262 3538 igitur
1282 3453 1330 3517 eis

230 3567 326 3629 rebus
348 3575 532 3648 praetant,
557 3568 672 3648 quibus
699 3566 852 3629 detractis
880 3566 1056 3649 respublioa
1085 3573 1140 3626 aut
1169 3581 1245 3624 erse
1273 3569 1331 3624 aut

207 3712 208 3715 =
231 3677 291 3737 rite
312 3673 485 3758 gubernari
507 3692 569 3736 nou
592 3682 715 3756 potest,
739 3673 781 3735 de
802 3673 934 3754 imperio
960 3674 991 3734 ei
1012 3689 1124 3733 omues
1147 3669 1230 3732 iuste
1254 3689 1330 3734 eer-

232 3790 303 3844 tare
325 3793 467 3862 possunt.
520 3781 581 3860 Qui
609 3801 688 3844 vero
719 3781 787 3844 aliis
815 3781 912 3843 rebus
941 3781 1078 3862 pollent,
1108 3799 1128 3843 a
1156 3780 1331 3861 magistra-

231 3887 315 3952 tibus
337 3889 463 3950 omuino
488 3886 671 3969 probibendi
700 3896 799 3949 sunt·
832 3889 884 3950 dlx
906 3906 968 3970 quo
991 3884 1129 3949 effioitur
1150 3905 1221 3949 eam
1243 3907 1332 3951 rem·

231 3995 389 4088 publioam
421 4013 483 4057 uon
500 3987 588 4058 ‘esse
615 3994 827 4075 probabilem,
865 3998 898 4057 in
932 4013 995 4078 qua
1033 3996 1087 4077 qul
1113 4011 1178 4056 uua
1207 4013 1242 4056 re
1272 4011 1331 4076 par

231 4109 294 4189 sit,
325 4115 446 4189 partem
474 4107 610 4171 omnium
639 4125 743 4169 rarum
772 4106 889 4170 babeat
916 4115 1057 4188 partem3
1088 4115 1120 4170 et
1143 4116 1255 4170 eontra
1277 4106 1331 4189 qui

232 4237 295 4282 uua
328 4235 364 4280 ra
396 4215 526 4299 dispar,
562 4215 697 4279 omnium
732 4235 835 4279 rerum
869 4223 989 4297 partem
1021 4213 1189 4298 disparem.
1249 4217 1331 4278 Tum
