3124 4918
240 515 308 569 toto
336 523 416 568 vero
448 521 546 587 opere
575 505 617 569 de
638 507 801 588 republica
819 509 1016 592 simpliciter,
1043 514 1128 597 quod
1150 515 1275 599 quidem
1297 535 1339 583 ec

239 635 366 699 quoque
388 615 653 720 comprobabitur,
676 616 844 724 quodiam
867 619 1033 684 dicendum
1053 626 1113 684 est.

612 763 616 768 ¹
734 808 835 879 etr.

238 941 278 990 Be
295 938 387 989 verbis
412 941 590 1004 drmppdr‘rrm
615 935 663 1008 ydp
690 940 786 989 romeu
809 934 870 1006 τάχ’
898 933 930 988 ὃν
947 939 1043 1003 μᾶλλον
1059 935 1202 1004 auricomo
1226 939 1268 990 ecl
1283 941 1339 996 πῶς

335 1025 424 1093 dedum
440 1031 580 1088 (πολιτεία)
598 1033 727 1096 ταχθεῖσα
743 1030 783 1078 καὶ
800 1031 848 1079 τίσι
866 1025 951 1094 νόμους
967 1031 1008 1078 καὶ
1022 1028 1093 1081 blitea
1109 1031 1233 1096 χρωμένη.
1339 1073 1341 1080 ,

299 1149 380 1212 »llis
390 1153 474 1212 enim
492 1149 646 1232 dispectis
657 1167 893 1232 cognoscemus
904 1151 1022 1230 magis,
1036 1156 1069 1208 et
1080 1146 1236 1228 quomodo
1249 1165 1334 1209 una·

237 1277 382 1342 quaeque
394 1261 508 1322 civitas
526 1260 688 1341 descripte
704 1262 757 1340 rit,
772 1266 804 1319 et
819 1255 932 1338 quibus
945 1255 1071 1339 legibus
1090 1253 1333 1318 consuetudini-

235 1367 359 1447 busque
382 1377 496 1430 utatur.
540 1368 685 1446 ”Quibus
717 1387 759 1428 ex
781 1366 890 1427 verbis
911 1364 1017 1426 elucet
1037 1367 1164 1444 praeter
1185 1364 1335 1444 optimam

234 1474 399 1536 civitatem
443 1475 647 1538 Aristotelem
689 1475 819 1537 delinire
851 1473 1055 1536 constituisse
1085 1472 1238 1552 cuiusque
1266 1470 1335 1532 rei-

235 1581 384 1660 publicae
406 1580 663 1663 descriptionem,
686 1581 788 1661 leges,
811 1578 1070 1643 consuetudines.
1113 1578 1187 1655 (lue
1209 1576 1335 1658 quidem

236 1707 272 1748 rc
293 1705 387 1768 quum
412 1684 708 1770 confirmeturquod
731 1688 880 1767 diximus,
902 1706 971 1748 eum
996 1707 1034 1748 eo
1057 1687 1186 1748 consilio
1208 1685 1249 1746 ad
1266 1687 1334 1748 Po·

234 1795 388 1856 liticorum
412 1795 509 1856 libros
531 1797 729 1875 perrexisse,
765 1803 799 1854 ut
821 1793 861 1854 de
876 1793 1041 1874 republica
1063 1792 1247 1872 simpliciter
1268 1811 1341 1853 err-¹

234 1905 388 1976 poneret3
411 1907 475 1958 tum
499 1899 656 1960 stabilitur
676 1897 847 1976 sententie,
877 1896 1025 1979 quamde
1051 1897 1189 1976 optim'ae
1219 1897 1330 1976 reipu-

234 2003 338 2066 blicae
367 2005 493 2086 legibus
517 2007 697 2087 civiumque
724 2005 916 2068 educatione
937 2004 1159 2086 proposuimus
1182 2010 1226 2078 (s.
1251 2004 1331 2076 tlt).

233 2113 319 2174 Nem
349 2110 390 2172 de
419 2113 668 2194 uniuscuiusque
694 2113 887 2194 reipublicae
907 2113 1033 2193 legibus
1054 2113 1083 2172 si
1105 2111 1245 2176 dicturus
1267 2121 1340 2186 est..

233 2223 304 2302 quis
334 2241 404 2282 eum
433 2221 610 2308 opinebitur
639 2222 763 2284 silentio
792 2228 1035 2303 praeteriturum
1060 2225 1341 2306 leges,1nrores„

230 2321 431 2408 disciplinam
453 2315 597 2390 civitatis
633 2329 780 2408 optimae.
802 2359 843 2372 -
885 2330 1077 2395 Accuratius
1114 2329 1187 2411 quid
1228 2349 1339 2410 expe--

230 2434 378 2498 claudum
400 2437 464 2516 sit,
497 2431 630 2495 delinire
658 2434 842 2516 poterimus,
862 2435 1133 2498 siadllltbicorum
1156 2435 1253 2502 libros
1275 2445 1343 2498 re'·

228 2522 436 2623 spexerimus.
480 2541 629 2616 Ostendit
666 2543 748 2620 enim
777 2539 984 2622 philosophus
1028 2542 1101 2604 utu.
1138 2544 1212 2606 Nic.
1238 2544 1334 2610 vlit.

230 2651 278 2712 12.
314 2651 373 2713 trie
388 2647 476 2710 'esre
499 2641 795 2730 rerumpublicarum
810 2645 938 2732 ¹genero
959 2651 1066 2731 proba,
1090 2651 1252 2732 imperium
1274 2671 1337 2738 res

224 2739 284 2840 gis,
299 2761 523 2840 optimatium,
553 2758 675 2840 populi,
709 2749 902 2838 totidemque
924 2759 1124 2839 perniciosa,
1162 2759 1327 2839 imperium

226 2873 370 2950 tyreuui,
404 2887 593 2950 paucorum,
621 2853 736 2948 plebis.
779 2867 830 2926 Ex
857 2867 907 2927 bis
936 2868 1112 2948 generibus
1141 2885 1202 2928 sex
1231 2885 1328 2928 uuum

225 2977 298 3034 sive
320 2991 391 3035 cum
416 2975 549 3036 Platone
572 2974 633 3035 duo
661 2973 732 3034 sive
754 2975 813 3035 tria
842 2975 940 3052 proba
969 2975 1109 3054 optimae
1132 2973 1328 3054 reipublicae
1426 3009 1428 3015 ·

225 3078 409 3158 vindicabit,
434 3071 549 3139 dellrde
564 3076 604 3138 de
626 3078 696 3138 eius
718 3077 882 3156 institutis,
900 3077 1039 3160 legibus,
1071 3077 1237 3158 disciplina
1271 3077 1323 3140 di-

225 3185 385 3266 sputabit,
408 3193 482 3266 post
511 3183 623 3247 codem
651 3182 746 3248 modo
767 3183 808 3246 de
830 3185 956 3248 ceteris.
999 3185 1169 3268 Reliquum
1191 3194 1260 3267 est,
1290 3193 1337 3256 ut,

224 3291 369 3354 dicamus
879 3295 881 3300 '
922 3283 925 3290 ’

716 3476 746 3544 s.
769 3469 818 3532 18.

436 3617 475 3666 De
491 3614 585 3667 verbis
603 3615 723 3672 ultlnist
739 3614 867 3685 Αὲγωμεν
880 3609 925 3666 odr
941 3581 1082 3684 dpldprroa.

304 3749 395 3826 Qube
417 3751 517 3814 verba
541 3770 598 3815 cur
618 3752 824 3834 philosophus
844 3753 873 3813 ln
889 3751 1071 3814 bltbicorum
1085 3751 1148 3813 fine
1163 3753 1322 3834 posuerit,

220 3857 403 3935 perquirere
426 3860 465 3920 ab
485 3858 548 3921 boc
573 3859 643 3922 loco
666 3877 727 3920 nou
749 3859 885 3920 alienum
908 3845 985 3920 e'are
1005 3858 1142 3920 videtur.
1187 3857 1224 3921 ld
1246 3853 1320 3941 qui-

219 3959 291 4022 dem
316 3961 400 4022 illum
424 3981 493 4025 earu
516 3966 555 4026 ob
577 3983 707 4027 causam
730 3966 849 4027 fecisse
868 3963 975 4026 dicunt
999 3961 1146 4027 Graecus
1180 3963 1322 4026 scholia·

218 4073 271 4126 ste
293 4071 325 4125 et
347 4064 488 4128 'l'bomas
510 4069 674 4150 Aquinas,
712 4078 748 4130 ut
764 4069 926 4131 artissimo
948 4069 1077 4131 viuculo
1099 4085 1170 4131 cum
1192 4069 1321 4133 bltblcis

217 4169 354 4234 Politice
382 4188 468 4232 esse
486 4175 653 4240 coniuncta
673 4177 891 4259 significaret,
921 4196 1017 4260 quum
1039 4177 1222 4242 Etbicorum
1244 4177 1319 4242 linis
