3118 4914
644 299 870 367 „1130-

202 491 323 580 busqae
351 499 581 561 conserventur
607 487 781 569 indagavit.
838 483 947 562 Quare
983 479 1023 542 de
1057 485 1204 560 quattuor
1235 475 1297 536 illis

202 608 327 692 quidem
350 603 535 667 civitatibus
557 599 629 660 nihil
652 597 800 678 reliquum
824 599 883 655 ast.
908 591 952 652 At
973 606 1052 648 vero
1073 591 1105 648 in
1128 586 1185 646 tv.
1209 585 1238 644 2.
1263 597 1296 646 et

201 717 231 778 8.
253 721 375 776 restare
396 715 453 786 ait,
475 719 508 772 ut
530 707 625 770 etiam
648 704 688 765 de
710 699 876 784 tyrannide
899 699 1085 778 disputetur.
1107 693 1233 756 Etenim
1256 691 1296 752 de

202 818 379 906 tyrannidis
401 815 573 898 generibus
595 813 713 874 dictum
737 807 838 870 estin
872 823 909 866 es
935 812 1038 884 parte,
1065 808 1237 884 quaeeret
1258 799 1299 858 de

201 922 353 1008 πολιτείᾳ
383 935 416 990 et
445 923 485 986 de
509 910 754 1006 ἀριστοκρατίᾳ.
807 915 899 977 Aliae
929 920 1035 975 eutem
1062 910 1103 974 de
1131 907 1298 992 tyrannide

201 1038 416 1120 quaestiones,
438 1049 532 1114 quum
553 1047 613 1090 non
631 1045 707 1088 esse
730 1032 825 1106 aptae
846 1021 1037 1092 viderentur,
1055 1037 1137 1102 quae
1160 1017 1297 1097 quinque

199 1146 260 1208 illis
282 1143 373 1206 buius
395 1143 496 1222 partis
510 1137 592 1198 locis
606 1142 661 1197 ant
679 1132 952 1211 interponerentur
966 1135 1021 1190 aut
1034 1128 1247 1188 insererentur
1258 1126 1298 1197 ¹),

202 1258 390 1332 reservatae
411 1255 486 1310 sunt
507 1244 547 1308 ad
567 1246 663 1305 totino
685 1240 790 1320 operis
810 1237 917 1300 linem.

210 1423 213 1428 .
286 1359 425 1420 Primum
453 1353 548 1436 igitur
570 1347 763 1410 Aristoteles
785 1343 954 1426 diligenter
977 1360 1017 1402 ea
1038 1338 1205 1420 conquirit,
1229 1337 1300 1418 qui·

203 1469 264 1531 bus
285 1464 428 1548 tyrannis
451 1471 483 1522 et
510 1476 643 1540 regnunt
666 1455 882 1535 depraventur
906 1459 960 1511 aut
982 1448 1106 1508 omnino
1129 1447 1302 1508 deleantur.

202 1574 296 1656 Quod
318 1567 446 1655 quidem
469 1573 514 1631 ila
538 1566 688 1641 instituit,
720 1573 756 1625 ut
779 1561 873 1624 simul
895 1559 1109 1632 demonstret,
1134 1555 1216 1616 uude
1236 1553 1301 1613 rei·

200 1682 350 1766 publicae
372 1695 495 1762 genero
518 1674 568 1736 illa
592 1675 746 1748 orientur,
780 1679 811 1730 et
833 1685 924 1748 quem
948 1665 1142 1747 propositum
1164 1661 1303 1722 habeant

202 1791 307 1854 linem.
350 1784 473 1848 Deinde
495 1781 638 1864 sequitur
658 1779 699 1841 de
720 1768 912 1860 μοναρχίαις
933 1770 1163 1834 conservandis
1184 1786 1302 1850 propo-

201 1899 377 1982 gan'disque
399 1891 582 1974 disputatio,
609 1886 726 1948 subtile
747 1884 901 1946 scientiae
919 1883 1020 1943 rerum
1044 1880 1181 1943 civilium
1194 1877 1304 1958 speci-

200 2026 282 2068 men.
333 2001 477 2081 Denique
508 1997 548 2059 de
581 1991 757 2074 tyrannidis
788 2002 929 2071 tempore
959 1998 991 2050 at
1029 1987 1184 2048 brevitate
1211 1984 1303 2064 dicit,

201 2125 365 2194 totamque
396 2107 478 2168 hanc
508 2101 754 2184 disputationem
778 2099 822 2160 ita
846 2099 926 2178 linit,
949 2106 984 2158 ut
1005 2103 1157 2158 accurate
1179 2091 1303 2154 exami-

206 2232 260 2286 net
290 2213 434 2282 Platonis
465 2209 654 2273 senteutiam
687 2206 727 2272 de
766 2206 903 2270 flexibus
936 2201 1238 2284 rerumpublicarum
1272 2205 1305 2258 et

204 2324 503 2395 commutationibus

702 2579 729 2647 8·
754 2573 802 2636 68.

583 2702 623 2750 lle
639 2699 699 2750 libri
718 2699 751 2748 V·
769 2695 935 2758 lntegritate·

289 2808 324 2866 ln
347 2805 389 2867 V.
410 2801 440 2866 3.
465 2802 657 2883 Conringius
679 2801 852 2864 asteriscos
877 2797 1059 2880 anteposuit
1081 2794 1205 2857 verbis:
1221 2791 1308 2853 Στα-

206 2902 356 2976 σιωτικόν
377 2908 414 2975 δὲ
436 2907 491 2973 καί
510 2900 549 2973 τό
570 2900 617 2996 μή
630 2897 806 2994 ὁμόφυλον,
824 2895 891 2984 ‘tog
913 2900 953 2970 dv
973 2893 1172 2990 συμπνεύσῃ·
1194 2893 1309 2986 ὥσπερ

205 3010 344 3106 yoiporid’
355 3015 391 3082 ἐκ
410 3015 469 3081 τοῦ
478 3005 631 3096 τυχόντος
645 3005 799 3100 πλήθους
808 3003 904 3089 πόλις
911 3009 1063 3099 γίγνεται,
1076 3005 1180 3086 οὕτως
1189 3000 1259 3074 οὐδ’
1277 3004 1311 3072 ἐν

206 3125 254 3210 τῷ
266 3115 395 3205 τυχόντι
405 3113 520 3212 χρόνῳ.
533 3145 560 3186 κ.
571 3145 599 3186 τ.
610 3119 638 3184 l.
646 3145 658 3203 ;
672 3119 812 3186 'enrrntat
838 3134 955 3204 autern,
975 3125 1177 3186 Aristotelem
1201 3120 1254 3182 nbi
1271 3119 1311 3180 de

205 3220 1310 3320 inaequalitate(oinoporbrprc)disputatpraetermisisselocumdedi-

210 3347 339 3410 viitibus
349 3353 380 3408 et
389 3343 591 3425 pauperibus,
600 3341 640 3404 de
651 3343 739 3403 bonis
753 3353 785 3404 et
801 3343 900 3404 malis.
913 3343 980 3406 Sed
993 3343 1032 3404 de
1044 3343 1105 3404 bac
1118 3361 1151 3402 re
1164 3342 1313 3422 leguntur

209 3457 240 3518 in
263 3455 377 3536 capitis
400 3456 455 3520 lll.
479 3455 540 3515 bue
562 3452 660 3518 haece
693 3445 843 3536 Μεγίστη
870 3445 931 3531 μὲν
959 3435 1014 3511 οὖν
1041 3445 1121 3521 ίσιος
1141 3434 1313 3517 διάστασις

210 3549 311 3647 οἷρετή
331 3556 386 3623 καὶ
405 3553 594 3644 μοχθηρία,
623 3545 696 3620 εἶτα
716 3553 859 3631 πλοῦτος
879 3551 934 3618 καί
955 3551 1053 3617 πενία
1075 3576 1101 3616 κ.
1123 3573 1151 3614 τ.
1173 3549 1201 3613 λ.
1226 3560 1258 3613 et
1280 3553 1311 3614 in

211 3689 281 3752 cop.
302 3671 361 3732 1v.
404 3665 576 3732 Κινοῦνται
597 3660 664 3728 δἀί
684 3663 851 3728 πολιτεῖαι
871 3659 926 3725 καί
946 3654 1024 3724 ὅταν
1045 3653 1208 3722 τάναντία
1230 3645 1315 3722 εἶναι

211 3773 369 3839 δοκοῦντα
396 3772 481 3863 μέρη
504 3773 563 3862 τῆς
583 3762 713 3848 πόλεως
733 3762 830 3858 ίσοίζῃ
851 3758 1004 3854 ἀλλήλοις
1026 3815 1034 3845 ,
1066 3754 1135 3829 οἷον
1155 3760 1188 3829 οἱ
1208 3755 1315 3830 volcol-

212 3879 278 3950 σιοι
303 3881 360 3946 καί
391 3875 409 3947 ὁ
436 3882 556 3971 δῆμος,
586 3879 686 3966 μέσον
708 3869 759 3968 ό’ᾗ
779 3869 894 3966 μικρόν
922 3870 1073 3963 ἢμηθὲν
1094 3862 1244 3956 ττοίμπαν·
1277 3865 1316 3938 bb
1389 3841 1398 3862 ι

232 4096 261 4162 1)
280 4099 374 4160 ltaque
391 4095 418 4146 iu
436 4094 520 4146 totius
538 4081 623 4157 partis
641 4091 821 4159 dispositione
836 4090 897 4155 (lil-
914 4087 954 4154 2ο)
973 4087 1127 4151 tyrannldla
1145 4086 1245 4138 mentio
1264 4097 1318 4136 non

284 4193 337 4245 est.
