3118 4914
657 351 886 438 -¹¹⁰.‘·

219 534 292 616 gius
312 545 401 598 recto
429 537 572 619 quidem3
605 537 663 600 sed
694 538 777 621 quod
807 557 848 603 ex
876 560 916 602 eo
945 547 1043 622 eaput
1072 537 1145 603 utut
1175 539 1318 602 mutilum

219 663 294 706 esse
317 646 468 726 coniecit,
491 645 523 708 id
547 665 608 708 non
627 655 725 710 reate.
750 647 844 711 Aliud
868 647 949 709 euim
972 667 1011 710 ea
1034 649 1076 710 eii
1104 665 1140 710 re
1162 645 1318 728 colligan-

219 751 293 814 dum
319 772 393 814 essa
416 764 501 834 puto.
546 755 595 814 De
616 771 678 834 quo
701 771 775 816 rncx
797 753 1038 835 disputabimus,

282 879 348 938 lam
371 897 468 961 quum
491 880 521 941 in
543 879 692 942 librelV.
714 880 741 941 is
763 888 906 941 teneatur
929 897 1033 940 rerum
1056 876 1145 956 ordo,
1169 859 1263 959 ouem
1286 875 1317 937 in

219 1001 290 1064 cap.
313 986 354 1047 ll.
382 987 574 1048 Aristoteles
602 988 671 1066 ipse
700 985 886 1066 descripsitz
917 1002 1088 1066 pergarnus
1117 983 1157 1045 ad
1187 984 1316 1065 reliqua.

218 1091 262 1151 lit
284 1092 414 1172 primum
436 1093 558 1174 quidem
579 1093 746 1156 dicendum
761 1101 814 1154 est
829 1091 869 1153 de
884 1112 1001 1174 magna
1018 1093 1071 1155 illa
1085 1091 1319 1170 controversia,

220 1217 301 1278 quae
330 1207 381 1262 est
412 1199 451 1260 de
482 1201 629 1262 librorum
661 1201 703 1262 V.
725 1209 757 1260 et
781 1201 837 1262 Vl.
872 1199 981 1262 ordine
1014 1207 1046 1262 et
1078 1199 1317 1262 corrsacutione.

221 1305 289 1366 Sed
312 1314 386 1367 ante
408 1324 510 1386 pauca
530 1307 709 1368 annotanda
731 1316 817 1368 sunt.

351 1441 517 1492 Aonotatio.
552 1445 583 1494 ln
597 1445 714 1495 PollV.
725 1445 763 1510 4.,
782 1445 825 1496 nbi
844 1447 877 1495 de
894 1443 1011 1495 civitatis
1029 1443 1152 1508 partibus
1170 1441 1319 1506 disseritur,

286 1531 382 1582 milites
401 1531 445 1597 (ro'
461 1539 530 1602 γένος
547 1534 751 1604 προπολεμῆσον)
770 1536 868 1602 quinto
885 1541 1023 1601 ponuntur
1041 1537 1113 1585 loeo.
1132 1536 1169 1584 lle
1188 1531 1317 1583 militibus

286 1625 379 1674 deinde
396 1625 577 1688 disputatione
588 1627 760 1689 interposita,
772 1627 895 1690 proxime
911 1629 1152 1690 sequunturlaaeot
1169 1621 1318 1689 ἕβδομον

288 1711 317 1762 δὲ
335 1711 362 1764 τό
381 1721 435 1772 ταῖς
450 1711 539 1772 canicie
555 1718 710 1782 λειτουργοῦν
727 1712 742 1766 ὃ
758 1719 885 1782 καλοῦμεν
901 1712 1026 1783 eunocum.
1063 1713 1196 1784 Ὄγδοον
1213 1735 1236 1768 κ.
1254 1733 1278 1766 τ.
1295 1714 1318 1764 2·

286 1803 364 1868 Quae
383 1808 485 1869 quidem
504 1811 537 1858 au
555 1812 643 1860 verba
661 1815 736 1861 reete
754 1809 900 1860 annotavit
919 1808 1083 1870 conringius
1101 1807 1318 1870 praetermissam

287 1910 348 1946 esse
366 1904 466 1958 partem
485 1900 533 1949 vl.
563 1902 635 1950 Nam
655 1901 758 1951 iudices
776 1905 804 1950 et
822 1899 965 1949 consilium
992 1905 1236 1948 commemorantur
1259 1896 1319 1960 qui·

289 1991 347 2038 dero
366 1994 428 2038 ante
447 1989 536 2038 locum
555 1991 706 2054 septimum,
716 1989 763 2040 sed
774 1989 981 2051 arguroentandi
992 2001 1083 2040 causa.
1103 1989 1244 2038 Praeterea
1253 1989 1275 2036 si
1285 2000 1320 2036 ex

284 2081 344 2129 vu.
355 2081 380 2128 Θ.
391 2083 468 2128 reete
478 2079 590 2128 iudicari
601 2084 690 2139 potest
706 2079 861 2129 collocandi
878 2084 943 2128 sunt
955 2078 997 2126 llli
1010 2079 1111 2141 nitidem
1127 2077 1191 2126 loco
1206 2077 1318 2144 ultimo;

286 2174 314 2218 et
331 2179 430 2219 revera
448 2169 621 2220 collocantur
634 2170 703 2226 ·(cl.:
727 2167 815 2219 Λοιπιὶ
832 2166 861 2218 δὲ
877 2171 934 2237 περὶ
949 2159 985 2218 ὧν
1002 2165 1166 2234 τυγχάνομεν
1184 2162 1319 2233 διωρικότες

287 2256 373 2326 aprime
390 2257 420 2309 ed
436 2256 621 2324 βουλευόμενον
637 2261 678 2309 καὶ
694 2265 777 2328 κρῖνον
794 2262 850 2329 περὶ
865 2263 916 2310 sair
925 2257 1025 2310 δικαίων
1035 2265 1087 2315 τοῖς
1095 2253 1318 2323 ἇμφισβιγτοῦσιν).

287 2351 363 2418 Quae
381 2364 460 2412 quum
478 2352 516 2402 ita
533 2366 562 2404 se
575 2353 712 2417 haberent,
726 2351 888 2416 contingitis
905 2353 930 2402 in
947 2364 1005 2402 eam
1018 2349 1318 2402 sententianaeuootus

288 2444 337 2506 est,
349 2443 377 2490 ut
388 2447 495 2500 putaret
504 2441 593 2490 locum
602 2441 648 2490 Vl.
659 2455 711 2504 quo
722 2441 803 2506 positi
813 2444 903 2490 essent
912 2441 1068 2490 sacerdotes
1079 2438 1220 2488 excidisse.
1238 2436 1317 2502 Quod

289 2531 313 2581 si
336 2545 429 2581 verum
448 2536 505 2596 est,
528 2531 596 2581 illud
615 2531 706 2582 neseio
730 2546 809 2594 quam
834 2533 933 2582 habeat
951 2531 1169 2595 admirationem,
1195 2531 1266 2593 quod
1291 2529 1318 2578 ln

287 2623 326 2671 eis
344 2633 412 2684 quiae
429 2625 578 2682 sequuntur
595 2621 728 2682 capitibus
752 2623 786 2670 de
802 2621 986 2671 sacerdotibus
1004 2631 1134 2682 autequam
1151 2619 1252 2667 mentio
1270 2621 1319 2667 est.

285 2714 406 2766 Facilius
423 2727 481 2764 maa
498 2714 603 2776 quidem
620 2713 758 2764 sentamla
775 2717 804 2762 et
820 2713 994 2776 probabilius,
1021 2709 1199 2759 difficultates
1215 2707 1319 2758 tollen·

288 2809 343 2868 tur,
361 2806 385 2855 si
402 2801 516 2869 ἕβδομον
532 2809 561 2855 et
576 2799 667 2871 ὄγδοον
689 2816 817 2856 numeros
840 2802 884 2869 (id
906 2806 979 2866 quad
1002 2802 1112 2867 saepius
1135 2803 1236 2852 lacuum
1262 2815 1320 2852 essa

286 2897 400 2956 scimus)
415 2903 558 2958 corruptos
568 2895 790 2960 asowuixertmus,
800 2895 968 2946 scribendum
979 2897 1068 2946 autem
1079 2890 1152 2944 ἕκτον
1161 2899 1188 2943 et
1197 2889 1320 2958 ἕβδομον.

353 3016 520 3082 Geuringius
537 3017 687 3068 asteriscos
706 3029 785 3080 ouum
800 3017 830 3067 ln
849 3019 908 3067 toto
925 3016 1013 3079 meite
1022 3017 1097 3068 Vlll.
1108 3015 1319 3079 dissociatum

286 3122 354 3158 vero
371 3109 429 3158 aius
447 3108 474 3156 in
491 3108 629 3157 enuntiato
649 3107 743 3174 primo,
761 3107 837 3160 culus
857 3107 959 3172 quidem
975 3107 1137 3158 *sententiam
1156 3106 1259 3156 minime
1272 3119 1320 3156 as-

286 3207 398 3249 secutus
415 3212 477 3248 esse
495 3199 614 3251 videtur.
634 3201 701 3268 ,Sed
719 3213 778 3250 eam
796 3199 864 3249 satis
883 3212 967 3262 neque
986 3199 1216 3263 Goettlingiuw)
1235 3211 1320 3262 neque

289 3291 423 3340 Stalrrium
442 3290 613 3340 intellexisse
632 3292 720 3340 video.
753 3291 804 3340 Est
821 3296 914 3340 autem·
936 3290 1103 3340 enuntiatum
1130 3292 1192 3341 lonc:
1217 3287 1320 3340 Λοιπδν

287 3381 310 3432 δ’
328 3378 397 3433 leur
415 3377 474 3448 ἡμῖν
491 3385 587 3450 περίτι·
602 3385 644 3448 τῆς
654 3384 814 3448 νομιζομένης
825 3383 949 3438 πολιτείας
960 3381 1041 3431 εἰπεῖν
1052 3383 1092 3430 καὶ
1102 3351 1164 3448 περὶ·
1169 3377 1320 3446 τυραννίδος·

288 3474 412 3542 ἷτᾶξαμεν
430 3475 453 3527 δ’
471 3471 547 3534 οὗτος
564 3473 609 3527 οὖν
625 3473 700 3528 οὖσαν
716 3474 776 3528 oin
793 3473 886 3541 ταύτην
902 3478 1054 3544 παρέκβασιν
1071 3471 1129 3524 οὔτε
1146 3472 1189 3530 τοὶς
1205 3468 1259 3541 ἄρτι
1276 3493 1319 3538 ριγ-

286 3573 373 3626 talcar
388 3564 577 3635 ἅριοτονρατίας,
594 3564 632 3618 ὅτι
649 3565 679 3618 οδ
697 3567 746 3632 μὲν
767 3564 856 3632 α’ὶγθὲς
879 3569 957 3616 πᾶσαι
981 3561 1154 3630 διημαρτήκασι
1177 3567 1219 3628 τῆς
1242 3560 1320 3632 ὄρθο-

288 3655 360 3723 aaron
376 3660 508 3721 πολιτείας,
518 3657 612 3708 ,ἔπειτα
629 3659 843 3726 καθοριθμοῦνται
860 3653 927 3721 μετα
944 3651 1048 3716 τούτων,
1066 3653 1116 3704 εἶσί
1130 3653 1157 3703 τ’
1173 3650 1255 3704 αὐτῶν
1272 3645 1320 3706 οὗ·

241 3934 272 3992 l)
289 3931 476 3994 Goettlingius
500 3932 557 3981 eius
580 3933 739 3982 sententiam
767 3933 878 3998 assequi
905 3937 982 3986 nullo
1008 3941 1088 3987 modo
1114 3939 1214 4004 potuit,
1241 3956 1320 4006 quum

289 4023 395 4088 quinum
414 4028 489 4073 esset
506 4023 618 4086 optimae
636 4023 800 4086 reipublicae
817 4030 904 4077 status
922 4027 1078 4094 ignoraret,
1103 4032 1254 4094 falsamque
1271 4032 1320 4082 sihi

289 4116 410 4170 minet
427 4116 504 4168 verbi
520 4112 690 4183 ὖριοιοιιραιίο
712 4118 763 4167 vim
785 4131 818 4170 aa
844 4119 1077 4186 significationem,
1103 4125 1138 4174 cl.
1156 4125 1216 4175 eius
1234 4125 1323 4187 prael.

294 4223 319 4272 p.
337 4209 429 4262 xviii.
