3124 4918
665 295 874 362 -12..

222 478 363 562 sputatic
383 487 446 560 est,
467 481 495 542 si
518 487 646 562 praeter
666 478 837 545 honestum
859 476 934 540 uiirii
951 478 992 540 ab
1009 479 1184 543 Aristotele
1202 478 1318 544 bouum

224 586 361 650 hominis
390 591 590 650 nominatur:
623 587 672 647 sin
695 593 802 649 autem
824 585 887 648 alia
909 593 983 646 suut
1002 575 1106 666 boos,
1138 603 1319 668 speramus,

220 695 262 760 de
283 697 331 758 ais
352 697 420 758 iore
443 705 477 758 ut
499 695 627 759 dicatur.
651 694 748 775 Atqui
763 713 824 754 coo
839 679 897 771 (τό
910 677 1026 769 καλόν)
1039 691 1206 754 honestum
1223 691 1317 756 modo

221 805 335 868 bonum
358 813 457 866 vocat
478 812 511 867 ct
538 804 695 884 optabile,
727 822 837 864 uerum
868 803 963 864 etiem
997 789 1054 882 (τὸ
1075 796 1261 886 συμφέρον)
1283 802 1317 866 id

221 912 305 995 quod
337 912 485 974 conducit
516 920 549 974 et
579 899 637 990 (τό
668 898 749 994 ἦδῦ)
778 909 966 990 iucundum
997 921 1121 992 praeter
1148 912 1315 974 honestum

224 1021 306 1082 euim
337 1039 377 1082 ea
406 1037 516 1082 omnes
544 1028 698 1100 expetunt
730 1019 885 1082 homines.
914 1020 955 1083 oi.
980 1020 1083 1086 urcio.
1113 1021 1185 1084 Nic.
1218 1023 1257 1082 ii.
1284 1021 1315 1083 2.

227 1123 333 1211 Τριῶν
360 1115 422 1212 γῦρ
450 1115 550 1188 ὄντων
581 1122 646 1188 τῶν
674 1119 723 1199 εἰς
743 1115 803 1200 τας
824 1120 970 1210 αἱρέσεις
989 1123 1044 1189 καὶ
1064 1124 1164 1212 τριῶν
1182 1124 1247 1190 τῶν
1268 1120 1317 1201 εἰς
1429 1155 1432 1163 ·

218 1219 407 1318 τάςφογῦς,
426 1229 536 1308 καλοῦ,
557 1228 792 1316 συμφέροντος,
812 1221 920 1316 ἡδέος,
941 1228 996 1294 καὶ
1015 1229 1114 1318 τριῶν
1134 1231 1198 1296 τῶν
1220 1229 1315 1298 ἐναν-

219 1336 312 1417 τίων,
341 1333 493 1425 αἰσχροῦ,
515 1337 695 1424 βλαβεροῦ,
717 1337 881 1426 λυπηροῦ,
903 1337 983 1428 περὶ
1004 1330 1192 1424 πάνταμὲν
1212 1337 1316 1404 ταῦτα

219 1438 239 1511 ὁ
260 1438 388 1533 α’γαθός
401 1436 647 1534 κατορθωτικῦς
662 1444 759 1525 ἐστιν,
772 1437 790 1510 ὁ
805 1444 843 1511 δὲ
856 1438 955 1524 κακῶς
970 1438 1190 1536 οἳμαρτητικός
1211 1472 1238 1512 ιι.
1248 1448 1314 1512 ct.

218 1557 270 1618 De
291 1575 331 1618 eo
359 1556 453 1634 igitur
482 1555 566 1636 quod
588 1554 735 1618 conducit
756 1549 853 1638 (περὶ
872 1550 932 1616 τοῦ
951 1551 1192 1640 συμφέροντος)
1217 1568 1251 1620 et
1273 1556 1314 1620 do

217 1662 354 1726 iucundo
370 1657 467 1747 (περὶ
480 1658 538 1724 τοῦ
549 1651 663 1747 ἡδέος)
683 1665 902 1746 philosophum
917 1667 1070 1750 deinceps
1084 1668 1237 1736 dicturum
1250 1689 1314 1732 ex-

217 1783 416 1853 spectamus,
438 1789 499 1832 noo
522 1773 623 1834 scium
645 1771 728 1853 quod
750 1792 790 1836 ca
805 1777 836 1837 iu
853 1779 902 1838 eis
917 1779 1033 1857 quibus
1047 1777 1087 1840 de
1100 1781 1205 1858 agitur
1220 1779 1311 1839 bouis

217 1886 363 1949 humanis
385 1896 604 1968 numerantur,
634 1888 809 1952 sedetiam
833 1891 916 1971 quod
947 1893 977 1953 iu
1010 1892 1129 1952 eisdem
1152 1893 1206 1953 iiie
1227 1901 1315 1953 recte

219 2013 319 2076 agere
342 1995 440 2056 debet
459 1999 509 2056 vir
530 1997 644 2072 bouus,
666 2000 757 2060 cuius
781 1999 822 2060 rie
845 2017 942 2078 opere
964 2007 997 2059 et
1019 2017 1147 2058 munere
1177 1999 1197 2058 i.
1220 2019 1249 2058 e.
1272 1997 1313 2058 de

217 2086 312 2164 animi
334 2094 479 2185 ἐνεργείᾳ
498 2103 675 2165 secuudum
697 2105 847 2166 virtutem
878 2113 944 2166 tota
970 2105 1115 2166 instituta
1137 2103 1310 2184 disputatio

220 2220 271 2273 ost
293 2208 352 2280 (oi.
376 2217 405 2281 s.
423 2209 481 2281 4.).
514 2211 558 2271 At
580 2229 659 2273 vero
680 2214 884 2292 exspectatio
906 2228 986 2271 sane
1004 2211 1090 2272 iusta
1114 2211 1166 2272 iiia
1188 2211 1315 2292 quidem

219 2334 280 2378 uos
302 2315 410 2377 saliere
429 2315 577 2396 videtur,
608 2336 704 2399 quum
726 2318 814 2380 iibris
837 2318 877 2379 de
898 2317 1068 2381 virtutibus
1090 2329 1123 2381 ct
1145 2319 1230 2382 vitiis
1251 2318 1314 2381 ad-

217 2426 365 2507 iungatur
386 2425 532 2506 quaestio

734 2589 799 2644 m-

515 2701 559 2751 De
577 2701 762 2760 curiitttrt')
779 2701 866 2772 (περὶ
883 2705 1015 2767 φιλίας).

726 2823 754 2892 ς.
777 2820 805 2881 6.

298 2951 365 3016 sed
384 2953 523 3015 fortasse
546 2949 672 3012 videtur
686 2959 815 3012 tantum.
840 2950 1027 3015 Videamus.
1049 2953 1202 3018 Annectit
1214 2956 1312 3039 igitur

216 3060 410 3124 Aristoteles
433 3059 475 3123 de
496 3060 631 3121 caritate
652 3058 896 3140 disputationem
918 3062 1052 3144 primum
1082 3063 1123 3126 ad
1151 3066 1247 3128 iibros
1270 3065 1313 3127 de

220 3219 506 3236 ἠ

232 3317 262 3382 1)
280 3317 322 3366 De
339 3315 478 3366 caritatis
494 3313 693 3378 significatione
711 3316 746 3366 ci.
764 3315 820 3368 cic.
837 3319 871 3368 de
889 3319 951 3370 uio.
970 3319 1005 3370 V.
1015 3321 1061 3371 98.
1079 3354 1087 3370 .
1105 3355 1112 3371 .
1131 3355 1139 3371 .
1157 3355 1190 3371 ..
1212 3353 1245 3371 ..
1263 3325 1310 3383 „ot

281 3411 341 3474 ipse
358 3407 472 3460 caritas
489 3412 597 3475 generis
614 3409 729 3473 humaui,
747 3423 815 3474 quae
833 3418 897 3461 nata
915 3426 932 3461 a
949 3413 1034 3475 primo
1051 3415 1122 3476 satu,
1142 3427 1194 3475 quo
1212 3425 1229 3462 ιι
1246 3425 1313 3474 pro·
1358 3461 1359 3464 ,

282 3501 450 3552 creatoribus
473 3499 538 3550 nata·
563 3499 728 3564 diliguntur,
756 3502 839 3563 serpit
865 3504 963 3552 sensim
990 3504 1066 3552 toras
1092 3501 1312 3565 coronationibus

280 3591 408 3654 primum,
426 3595 480 3640 tum
498 3590 710 3656 affinitatibus.
728 3593 824 3642 deiude
842 3591 999 3656 amicitiis,
1022 3595 1084 3654 post
1101 3592 1311 3660 vicinitatibus,

283 3690 338 3736 tuor
357 3683 466 3736 civibus
484 3688 512 3735 et
529 3686 567 3736 eis
585 3685 630 3748 qui
649 3686 754 3748 publice
771 3685 839 3735 socii
857 3693 937 3748 atque
954 3684 1033 3733 amici
1050 3690 1133 3748 suut,
1152 3685 1246 3734 deinde
1263 3686 1310 3735 to·

281 3778 339 3828 tius
357 3780 511 3841 complecta
526 3777 620 3842 centia
636 3779 794 3841 humanae,
812 3790 880 3840 quae
897 3776 978 3826 animi
995 3775 1102 3825 affectio
1120 3790 1197 3826 suum
1216 3777 1310 3841 cuique

282 3869 402 3920 tribuens
427 3873 507 3932 atque
528 3871 598 3920 hauc
616 3883 695 3933 quam
713 3871 773 3920 dico
791 3869 945 3920 societatem
964 3849 1162 3918 coniunctionis
1180 3870 1311 3920 humanae

281 3960 404 4010 munifice
422 3966 448 4010 et
465 3973 548 4023 aeque
567 3963 646 4011 tuens
664 3959 778 4010 iustitia
797 3955 918 4008 cicitur“
935 3963 988 4008 eto.
1029 3957 1096 4008 Cum
1114 3959 1310 4010 saecuritate

281 4067 361 4118 quam
381 4053 580 4105 vocanthatioi
598 4053 671 4103 omni
688 4065 722 4101 ex
739 4053 817 4113 parte
834 4050 1077 4113 congruitGraeca
1092 4053 1189 4116 φιλία.
1216 4053 1312 4101 ’Μία

281 4148 350 4199 enim
362 4147 470 4200 innatis
481 4153 598 4200 vocatur
613 4144 711 4208 pietas
728 4145 956 4209 agnocentes,
975 4141 1000 4193 iu
1019 4143 1176 4206 parentibus
1193 4141 1312 4194 ditectio
