3118 4914
630 1433 966 1554 nurnonus,

755 1728 784 1795 δ.
808 1721 858 1786 to.

336 1903 442 1968 Huius
468 1904 562 1967 libelli
586 1921 743 1966 summam
772 1909 807 1964 ut
835 1902 946 1983 paucis
975 1899 1188 1982 complectar,
1217 1897 1251 1961 id
1278 1895 1350 1960 mihi

253 2038 494 2104 demonstrasse
509 2039 631 2123 videor,
651 2041 768 2104 Ethica
789 2048 822 2102 et
836 2040 971 2103 Politice
993 2039 1084 2102 unius
1098 2055 1173 2101 esse
1185 2033 1349 2098 eiusdem-

253 2192 314 2255 que
334 2176 439 2255 operis
461 2184 580 2255 partes.
623 2174 766 2254 Quarum
788 2175 889 2237 altori
909 2176 1069 2255 politices*
1085 2173 1157 2237 finis
1182 2174 1287 2255 qualis
1306 2174 1351 2235 sit

252 2306 296 2368 ite
308 2309 484 2388 quaeritur,
496 2314 530 2367 ut
543 2306 657 2367 bonum
675 2305 844 2367 humanum
859 2304 1029 2366 illustretur
1045 2306 1172 2386 triplex,
1183 2305 1349 2366 honestum

252 2425 310 2516 (cd
331 2423 455 2516 καλόν),
475 2437 505 2500 id
528 2436 611 2521 quod
634 2436 786 2501 conducit
806 2425 860 2514 (τὸ
882 2431 1077 2522 συμφέρον),
1100 2435 1268 2500 ineundum
1296 2425 1350 2512 (cd
1438 2423 1441 2430 ’

251 2559 349 2656 ἡδύ).
392 2571 496 2652 Quem
527 2570 654 2655 quidem
681 2570 722 2635 ad
751 2571 846 2635 linem
877 2569 1034 2654 quomodo
1061 2570 1205 2634 homines
1227 2589 1348 2652 perve-

252 2708 358 2789 niant,
390 2708 582 2771 Aristoteles
604 2708 705 2771 altera
727 2705 870 2770 dicturus
892 2715 941 2769 est
962 2714 1063 2787 parte.
1107 2705 1214 2785 Quare
1235 2705 1351 2769 ultimis

253 2838 434 2902 lilthieorum
456 2837 565 2899 verbis
594 2836 679 2919 quod
705 2837 747 2898 sit
774 2836 967 2918 propositum
990 2835 1102 2916 aperit.
1145 2833 1239 2913 Quod
1265 2834 1350 2898 idem

255 2967 432 3034 Palicorum
468 2970 553 3032 libris
588 2969 828 3032 accuratissimo
864 2967 1073 3050 persequitur.
1127 2965 1351 3030 Oeconomlcis

251 3105 332 3167 enirn
360 3107 581 3185 pertractatis,
611 3104 743 3185 primum
771 3101 897 3184 quidem
919 3120 976 3165 eas
1007 3120 1088 3184 quae
1110 3119 1130 3163 ιι
1151 3101 1350 3184 philosophis

251 3233 348 3298 fletae
377 3243 472 3316 sunt,
513 3234 627 3298 deindo
652 3255 735 3317 quae
756 3244 830 3300 sunt
854 3256 896 3299 ex
920 3237 989 3300 vita
1009 3236 1169 3300 hominum
1191 3243 1351 3317 sumptae,

252 3369 414 3432 examinat
435 3368 593 3430 civitates.
622 3369 703 3430 'l'uru
731 3355 881 3452 quaesit
907 3375 1026 3452 optime
1048 3369 1241 3451 respublica,
1264 3368 1351 3430 libris

253 3505 294 3567 lll.
317 3504 425 3586 donet,
434 3503 510 3566 Vll.
533 3512 564 3566 et
585 3503 660 3566 Vlll.
703 3504 851 3586 Denique
880 3503 967 3565 libris
989 3503 1047 3565 lV.
1069 3502 1128 3569 Vl.
1151 3502 1192 3563 V.
1222 3499 1352 3564 disserit

254 3636 295 3701 de
321 3638 451 3720 reliquis
481 3637 665 3700 civitatibus
687 3637 843 3701 omnibus.
885 3638 1011 3702 Etenim
1034 3638 1074 3702 eb
1096 3637 1272 3699 Aristotele
1302 3636 1351 3698 in-

251 3771 395 3834 stitutum
415 3771 640 3856 indagavimus
659 3771 808 3834 librorum
830 3769 969 3833 ordinem
984 3770 1087 3837 hunc:
1115 3769 1352 3836 1.11,1tt.v11.

253 3899 570 3968 v111.1v.vt.v.
619 3905 700 3968 Sunt
724 3912 829 3967 autem
853 3907 960 3986 capite
992 3905 1097 3968 omnia
1130 3903 1352 3986 Aristotelea3

254 4054 430 4118 omnesque
466 4037 536 4100 libri
557 4040 674 4124 integri
701 4048 827 4124 practer
856 4041 928 4106 Vll.
952 4042 1043 4107 Vlll.
1066 4042 1122 4104 Vl.
1155 4073 1194 4087 ·-
1225 4039 1291 4104 Sed
1321 4041 1350 4102 in

230 4166 456 4230 -dristoteleis
476 4167 619 4232 Politicis
640 4169 713 4232 dum
736 4187 866 4234 versor}
888 4170 998 4235 nescio
1022 4173 1077 4252 qui
1098 4169 1215 4234 lactum
1236 4170 1294 4250 sit,
1318 4179 1352 4232 ut
