3118 4914
233 519 379 582 militaris
400 519 432 580 in
454 518 652 600 educatione,
673 539 716 583 au
738 523 826 584 vitoe
848 520 988 601 optimae
1009 522 1090 582 ratio
1109 516 1256 580 habenda
1277 518 1331 598 slt,

233 629 382 709 magisne
402 629 517 688 mentis
528 671 539 708 ,
561 646 602 690 au
624 628 695 690 eius
716 628 811 690 enimi
831 628 932 708 pertis
962 631 995 689 ln
1017 645 1079 710 qua
1099 637 1176 690 sunt
1196 626 1333 688 virtutes

230 737 378 797 morales.
418 735 538 818 Neque
557 754 600 798 ex
621 755 661 797 eo
683 735 769 818 quod
790 735 968 800 eommunis
989 744 1042 798 est
1064 735 1214 798 educatio
1237 733 1332 817 quid-

231 860 325 924 quem
347 843 425 903 certi
447 841 534 904 ellici
553 852 672 924 potest.

316 948 454 1010 Primum
476 951 571 1032 igitur
592 952 719 1014 utilibus
741 971 782 1013 ex
804 953 954 1034 operibus
974 949 1055 1014 disci
1077 971 1118 1013 ea
1139 951 1225 1029 vult,
1249 966 1334 1031 quae

233 1059 299 1117 sint
319 1058 517 1137 necessarie,
540 1075 601 1120 uec
621 1067 728 1120 temen
749 1077 790 1120 ea
812 1061 928 1140 omnio,
950 1075 1012 1120 nee
1033 1059 1187 1139 perfecte,
1206 1057 1266 1119 sed
1287 1058 1332 1118 ita

233 1172 332 1225 utne
361 1182 495 1246 corpore
521 1164 748 1247 depraventur,
776 1185 859 1230 neve
887 1167 981 1228 animi
1011 1165 1054 1228 ad
1082 1169 1234 1227 virtutem
1256 1163 1335 1227 flent

231 1273 395 1334 inhabiles.
437 1275 556 1356 Neque
575 1275 656 1336 eninr
677 1273 809 1334 liberum
825 1273 983 1335 hominem
1002 1273 1205 1335 illiberaliltus
1217 1275 1244 1345 ¹)
1257 1274 1332 1354 qui·

232 1381 364 1444 busdam
385 1383 509 1444 ortibus
531 1381 629 1444 imbui
648 1381 797 1462 dedecet,
819 1381 877 1443 sed
899 1381 994 1444 imbui
1019 1392 1151 1448 tantum.
1194 1383 1332 1446 Multum

234 1510 313 1552 vero
335 1490 386 1552 luis
405 1490 437 1552 in
459 1490 607 1572 operibus
627 1490 734 1572 valet,
765 1508 821 1552 cur
844 1489 916 1565 quid
938 1489 994 1552 liat
1019 1499 1136 1571 etque
1158 1488 1199 1552 de
1221 1507 1331 1552 cause

234 1597 504 1661 Adulescentibus
515 1605 622 1660 eutem
641 1598 804 1660 truduntur
824 1602 1045 1680 grammatice,
1071 1597 1237 1680 graphice,
1265 1616 1333 1679 gy·

235 1706 402 1786 meastioe,
414 1707 546 1766 musice.
568 1704 717 1785 Plerique
728 1706 868 1768 musicae
889 1723 927 1766 se
938 1703 1240 1785 deduntvoluptetis
1255 1723 1335 1767 cau-

232 1830 286 1893 sa;
307 1831 378 1874 eam
392 1820 499 1874 eutem
512 1813 564 1894 qui
578 1812 737 1892 principes
746 1814 948 1874 instituerunt
969 1811 1153 1875 discendam
1169 1822 1331 1894 curarunt,

234 1917 319 1999 quod
343 1929 454 1981 ustura
474 1921 546 1999 ipsa
564 1917 744 2000 requiritur,
773 1927 809 1980 ut
834 1921 925 1980 eires
950 1917 1089 1980 heberent
1118 1935 1180 1999 quo
1203 1927 1333 1982 utentur

231 2031 265 2089 in
287 2027 361 2090 otio.
403 2029 477 2088 ldae
497 2030 595 2110 igitur
623 2039 692 2093 erte
722 2027 809 2091 liberi
836 2028 1050 2104 instruuntur,
1080 2046 1141 2088 nou
1173 2026 1256 2108 quod
1289 2027 1332 2088 sit

231 2138 415 2200 necessarie
435 2149 489 2202 eut
510 2141 608 2221 utilis,
629 2138 687 2202 sed
710 2143 782 2219 quie
803 2136 939 2198 liberulis
960 2143 1012 2197 est
1034 2143 1066 2197 et
1088 2134 1231 2198 honeste.
1262 2137 1329 2197 lam

232 2243 274 2306 ad
295 2245 450 2324 ordinem,
474 2264 566 2325 quem
588 2248 619 2307 in
641 2247 819 2308 eruditione
835 2244 1002 2306 tenendum
1022 2261 1098 2306 esse
1117 2243 1205 2327 dixit,
1220 2247 1329 2325 respl-

232 2353 321 2414 ciens
342 2351 567 2414 adulescentes
581 2353 719 2433 primum
740 2347 906 2434 γυμναστῇ
925 2351 1008 2412 tradi
1028 2352 1124 2430 iubet,
1141 2359 1176 2412 ut
1200 2354 1331 2414 exerci-

233 2468 302 2522 tent
321 2477 466 2541 corpora,
489 2467 522 2522 et
543 2453 760 2544 παιδοτρίβῃ,
782 2468 818 2522 ut
839 2458 880 2520 ad
903 2475 999 2540 opere
1019 2462 1224 2520 instituentur
1246 2461 1334 2532 (Pul.

235 2568 324 2630 Vlll.
346 2570 376 2632 2.
397 2567 455 2641 3.).

294 2675 506 2751 Adhibendae
525 2683 600 2738 sunt
617 2683 723 2738 autern
745 2675 990 2740 exercitationes
1011 2673 1115 2754 leves,
1135 2693 1175 2739 ne
1197 2691 1335 2755 eorporu¹

232 2782 422 2846 hominesve
449 2784 602 2848 immunes
630 2784 779 2848 eredunt.
832 2786 913 2848 Aliis
941 2805 1020 2846 vero
1047 2784 1199 2848 deotriuis
1220 2784 1294 2846 lude
1313 2802 1335 2846 a

233 2891 401 2972 pubertate
430 2911 487 2971 per
516 2901 584 2954 tres
611 2909 712 2954 annos
736 2893 845 2954 imbuti
877 2899 910 2956 et
936 2891 1117 2973 graviorem
1147 2892 1251 2952 eibum
1274 2909 1336 2954 su-.

233 3017 323 3062 mere
341 3009 477 3078 possunt
499 2999 690 3081 laboresque
711 3001 877 3080 suscipere
897 3001 1034 3062 maiores
1053 3000 1139 3074 (Pol.
1162 2997 1252 3060 Vlll.
1277 2997 1334 3069 4.).

234 3108 303 3172 lem
324 3106 366 3169 ed
387 3107 608 3190 quaestionem

543 3321 587 3370 lle
604 3218 834 3385 'usstagg'
853 3321 912 3373 vn.
929 3321 1023 3384 e-r.)

339 3412 543 3492 Revertitur,
570 3410 701 3474 eteius
730 3411 823 3493 quusi
858 3398 1026 3490 ἐνδόσιμον
1055 3411 1163 3478 feoiot.
1218 3413 1336 3495 Neque

234 3523 315 3584 enim
337 3521 460 3584 musice
481 3537 574 3602 quam
587 3519 704 3584 hubent
722 3519 786 3580 vim
810 3527 842 3580 et
861 3517 1053 3600 effiouoiem,
1067 3519 1162 3582 facile
1183 3520 1336 3601 perpendi

234 3637 353 3713 potest,
374 3648 479 3710 neque
502 3647 597 3710 quem
618 3629 658 3692 ob
681 3647 811 3692 eausam
835 3629 863 3690 ei
885 3629 927 3690 sit
948 3645 1045 3708 opera
1067 3628 1232 3692 tribuenda
1252 3646 1335 3692 oon·

234 3749 319 3818 stet,
349 3752 451 3800 utrum
480 3736 545 3798 ludi
574 3737 730 3818 animique
758 3736 941 3818 relaxandi,
975 3757 1015 3800 en
1043 3738 1193 3800 virtutum
1226 3757 1334 3802 mora-

235 3847 327 3925 tium,
359 3865 399 3907 nn
429 3849 567 3926 optimae
596 3848 626 3908 in
658 3846 721 3908 otio
751 3848 839 3908 vitee
866 3865 974 3909 ceusu.
1019 3845 1087 3910 Sed
1111 3864 1334 3928 quameunque

255 4026 286 4082 1)
305 4024 351 4073 Sic
369 4026 437 4075 enirn
457 4027 601 4092 legendum
619 4043 682 4082 esse
700 4032 805 4082 videtur
823 4029 865 4093 (in
877 4029 1014 4080 Polvlll
1025 4026 1165 4096 2.]:”Eon
1182 4029 1210 4081 di
1227 4033 1267 4081 nat
1285 4033 1335 4080 τῶν

304 4112 483 4166 destruet
490 4138 555 4187 porr
580 4117 723 4187 ἒπιστημῶν
748 4125 824 4190 μέχρι
851 4124 899 4188 μέν
925 4141 989 4181 τινος
1016 4120 1115 4183 (ἐνίων)
1141 4126 1261 4190 μετέχειν
1286 4118 1331 4171 odor

294 4205 469 4276 secuteque.
