3124 4918
668 345 876 408 „13-

226 536 397 600 virtutibus
419 543 450 599 ot
471 535 558 598 viliis
579 535 635 616 ita,
659 545 692 598 ut
713 520 876 600 ceritatem
898 533 1047 596 virtmmn
1071 531 1229 614 quandam
1249 549 1324 594 esse

227 652 283 705 eut
306 663 375 707 oum
398 646 517 706 virtute
540 646 741 707 coniunctam
764 645 865 725 dicat3
893 643 1007 706 deinde
1029 643 1069 706 ad
1094 661 1165 706 eam
1188 651 1322 723 partam,

228 769 310 831 quse
332 759 382 813 est
404 751 443 813 de
463 747 632 835 πολιτικῆς
653 751 716 813 line
736 755 809 813 sive
829 751 868 812 de
891 750 1094 827 beatitudine,
1118 733 1173 827 ita,
1196 759 1231 812 ut
1253 768 1323 810 eam

228 861 363 921 maxime
385 861 601 922 necessariam
624 877 699 920 esse
721 859 760 920 ad
783 859 955 920 vivendum
978 858 1193 936 demonstret,
1227 875 1322 939 quum

228 985 348 1028 snrnma
372 967 402 1027 in
424 965 597 1028 solitudine
617 967 716 1028 vitam
740 985 841 1048 agere
864 985 958 1027 nemo
980 965 1076 1044 velit,
1108 983 1149 1026 ne
1179 981 1251 1025 oum
1273 963 1324 1027 io·

229 1074 317 1136 linita
339 1073 466 1154 quidem
489 1073 640 1136 bonorum
664 1076 799 1136 omnium
822 1074 1033 1152 abundantia3
1065 1083 1130 1136 lnrn
1160 1071 1200 1133 ad
1224 1079 1323 1133 lotam

224 1181 266 1243 de
286 1182 414 1262 politica
437 1181 591 1245 facultate
611 1183 829 1261 quaestionem
852 1183 918 1262 ite,
947 1191 983 1244 ut
1013 1182 1145 1244 eandem
1168 1183 1321 1242 civitates

224 1289 387 1349 continere
411 1287 537 1355 docent.
591 1287 681 1366 Quas
712 1297 818 1350 tamen
849 1291 989 1352 rationes
1018 1305 1129 1349 omnes
1160 1286 1189 1349 ei
1217 1287 1322 1348 animo

224 1394 431 1456 considerare
454 1396 612 1474 volumus,
636 1396 792 1475 suspicari
811 1397 916 1476 potins
939 1414 1032 1476 quarn
1055 1395 1232 1475 intelligere
1255 1413 1330 1481 po·¹

224 1501 368 1582 terimus,
391 1503 550 1583 quomodo
572 1501 613 1564 de
635 1504 768 1566 caritate
791 1503 880 1567 loous
903 1521 973 1564 cnm
989 1503 1076 1563 libris
1091 1501 1131 1562 de
1149 1501 1320 1562 virtutibus

224 1627 251 1670 s.
273 1609 313 1668 de
335 1609 470 1670 lronesto
492 1610 682 1692 cohaereat,
717 1609 833 1691 quique
854 1611 897 1672 sit
918 1619 1012 1690 aptus
1034 1608 1073 1670 ad
1097 1609 1194 1670 totins
1217 1609 1323 1688 operis

224 1715 478 1796 descriptionem.
528 1715 622 1792 Quod
652 1724 718 1778 tum
747 1725 896 1778 accurate
918 1717 1147 1796 perspiciemus
1166 1725 1198 1778 et
1213 1717 1320 1796 plane,

225 1843 296 1886 oum
327 1823 515 1884 sententiam
544 1823 720 1904 quandam,
752 1841 835 1903 quae
864 1825 956 1902 qnasi
990 1823 1101 1882 obruta
1132 1824 1214 1883 inter
1242 1823 1323 1884 alias

223 1932 310 2010 latet,
334 1930 508 1991 eruorimns
526 1930 672 2012 omnique
687 1949 727 1989 ex
741 1939 833 2009 parte
846 1927 1089 2008 dispexerimus.
1132 1927 1194 1988 nst
1215 1936 1320 1988 autem

223 2035 313 2096 haee.
349 2033 524 2096 Ueritatem
548 2034 592 2096 ait
613 2034 808 2096 Aristoteles
829 2033 975 2094 conferre
997 2009 1258 2094 adulescentibus
1279 2029 1320 2094 ad

221 2152 356 2224 peccata
377 2143 519 2220 vitanda,
541 2143 672 2205 senibus
693 2141 733 2204 ad
755 2141 897 2204 actiones
920 2157 988 2219 eas,
1012 2157 1093 2221 quas
1115 2141 1173 2222 ipsi
1192 2139 1232 2202 ob
1255 2139 1319 2202 im·

221 2251 423 2311 becillitatem
445 2259 501 2312 aut
523 2251 688 2312 inchoatas
702 2261 757 2312 aul
770 2268 902 2312 mancas
920 2250 1108 2330 relinquant,
1124 2247 1320 2330 supplendas

223 2367 319 2438 atque
341 2358 576 2439 perliciendas,
599 2359 639 2421 ad
661 2360 796 2421 honeste
816 2360 975 2441 agendum
1000 2369 1074 2422 natu
1097 2361 1267 2422 maioribus
1281 2361 1319 2439 Ι).

228 2467 313 2527 Idam
341 2469 441 2541 iyilur
470 2468 508 2526 ob
535 2485 666 2528 causam
692 2469 731 2528 de
752 2473 882 2530 acritate
903 2471 1073 2546 disputatio
1095 2470 1182 2529 duno
1203 2471 1321 2530 oblinet

224 2573 337 2645 locum,
362 2575 447 2652 quod
465 2576 510 2634 od
527 2577 674 2634 virtulem
694 2575 858 2636 colendum
881 2577 1058 2636 bominibus
1086 2579 1234 2637 conducit
1251 2579 1271 2636 τ’.
1294 2597 1320 2637 ε.

225 2684 311 2760 qnod
327 2687 378 2740 eat
396 2667 434 2740 τὸ
455 2682 524 2740 κατ’
547 2667 709 2764 ἀλήθειαν
728 2675 913 2766 συμφέρον,
944 2685 979 2744 id
999 2685 1084 2764 quod
1102 2704 1175 2745 nere
1198 2688 1327 2766 confert

222 2791 266 2849 cd
284 2791 436 2872 donorum
457 2788 603 2848 ultimum
625 2792 891 2869 consequendum.
917 2790 959 2851 llll
973 2791 1118 2870 profecto
1130 2791 1191 2854 hoc
1204 2792 1320 2874 ipsum,

223 2914 326 2976 neque
347 2905 473 2976 praeter
498 2895 530 2956 id
559 2895 644 2957 alind
673 2897 843 2978 quidquam
871 2899 1010 2978 appellet
1030 2886 1069 2958 τό
1090 2891 1273 2982 ρυμφέρονε
1289 2937 1322 2960 ..

220 2989 430 3081 βουλεύονται
458 2996 496 3060 δὲ
523 2988 562 3060 οὐ
590 2995 669 3083 περὶ
696 2999 756 3061 τοῦ
776 2997 907 3082 τέλους,
936 2990 1020 3062 ἀλλὰ
1046 2998 1126 3087 περὶ
1145 2999 1209 3064 τῶν
1229 2993 1316 3088 πρὸς

222 3095 260 3168 τό
282 3101 394 3184 τέλος,
415 3102 518 3168 ταῦτα
540 3101 642 3168 δ’ἐστὶ
666 3097 708 3170 co?
737 3105 946 3194 συμφέροντα
974 3097 1058 3172 uoco?
1085 3097 1146 3182 τοῖς
1168 3097 1323 3194 πράξεις,

221 3204 260 3276 cd
282 3210 319 3276 dd
340 3209 510 3299 συμφέρον
531 3201 668 3296 ἀγαθόν.
684 3215 779 3279 litet
802 3219 826 3278 l.
848 3217 877 3279 6.
920 3217 956 3278 ld
986 3218 1081 3299 igitur
1101 3217 1139 3291 :in
1168 3216 1254 3278 libris
1283 3216 1323 3280 de

220 3324 352 3386 caritate
375 3323 565 3384 Aristoteles
586 3323 674 3404 agit,
698 3331 733 3383 ut
754 3320 868 3385 doceat
876 3365 887 3402 ,
915 3323 989 3405 quid
1017 3326 1058 3386 sit
1087 3323 1160 3386 illud
1195 3343 1257 3406 qno
1279 3325 1321 3388 ad

220 3433 354 3495 honeste
386 3432 547 3514 agendum
579 3431 784 3511 adiuvemur,
819 3440 852 3494 ct
883 3434 927 3495 ita
958 3432 1086 3515 quidem
1120 3429 1320 3514 adiuvemur,

286 3654 354 3706 erga
372 3643 489 3706 llberos,
507 3641 534 3690 in
553 3642 696 3706 cognatis,
714 3643 909 3704 familiaribus,
926 3639 1027 3691 vicinis
1053 3652 1153 3704 amor,
1178 3639 1206 3688 in
1228 3639 1321 3690 amicis

287 3733 437 3798 amicilia,
456 3733 483 3781 in
502 3733 604 3782 civibus
622 3714 791 3782 concordia.
826 3730 919 3796 Quare
936 3728 1040 3796 „pllm‘
1059 3730 1259 3794 interpretanda
1276 3735 1319 3781 est

286 3821 437 3888 ,‚corilas“,
456 3835 510 3872 non
528 3820 687 3887 ‚‚amioitla“
706 3822 777 3884 (com
789 3821 977 3886 interpretibus
988 3821 1124 3884 omnibus)
1132 3835 1228 3886 cquae
1242 3824 1320 3888 φιλίας

285 3928 350 3976 pars
368 3921 410 3965 est
427 3929 513 3978 seque
529 3928 616 3980 parve
633 3929 667 3967 ao
684 3905 816 3966 caritatis.

238 4006 268 4074 1)
287 4008 346 4057 nob.
365 4009 424 4058 Nlo.
444 4010 513 4059 vlll.
525 4009 550 4060 1.
568 4011 619 4060 Kal
636 4014 698 4066 νέοις
717 4007 746 4060 δὲ
763 4007 824 4076 πρδς
842 4006 873 4059 od
890 4004 1073 4075 ἄναμᾶρτητον,
1090 4008 1131 4058 καὶ
1146 4012 1318 4076 πρεσβυτέρους

287 4093 347 4165 προς
371 4103 509 4166 θεραπείαν
530 4103 570 4152 καὶ
594 4099 624 4152 τό
640 4100 754 4153 ἐλλεῖπον
771 4105 812 4168 τῆς
829 4099 938 4172 πράξεως
955 4099 988 4154 δι’
1005 4098 1137 4154 dederetur
1152 4105 1250 4168 βοηθεῖ,
1266 4106 1318 4160 τοῖς

287 4195 310 4241 τ’
328 4187 355 4241 ir
372 4186 439 4256 ἆκμῇ
456 4187 516 4258 πρός
530 4188 573 4250 τοὶς
590 4190 664 4250 uoic'o
675 4190 785 4266 ’ττρᾶξεις.
