3124 4918
234 482 483 580 emeingrosu·
516 499 551 562 ls
564 492 763 582 συνηγμένοις
781 489 954 570 πολιτείας
971 495 1015 560 rie
1035 513 1134 577 opere
1153 494 1204 557 illo
1225 490 1334 558 Πολι-

234 599 339 680 τελαις
358 607 511 688 inscripto
529 606 693 686 intellexit,
713 623 900 688 quoomnes
915 608 1051 668 emulum
1064 603 1245 685 populorum
1259 623 1335 665 res-

233 712 379 794 publicae
408 713 610 793 conscriptae
631 721 738 776 οταιιλ.Ι
789 712 857 776 Sed
887 730 991 793 neque
1030 713 1113 774 hauc
1142 712 1332 774 sententiam

233 833 337 880 meum
359 817 467 880 lacere
489 834 631 898 possum,
646 835 741 898 quum
764 811 949 898 Πολιτείαν,
971 818 1055 901 quod
1080 837 1175 880 uuum
1199 819 1255 880 luit
1276 836 1333 879 se·

233 931 443 1006 paratumque
464 941 558 1004 opus,
581 923 728 986 librorum
752 923 792 989 (lc
811 925 972 1004 republica
994 941 1068 1004 pars
1090 942 1248 986 essenon
1272 943 1333 1004 pn-

232 1031 404 1102 ῑοοιέιιιέ).Λ
439 1030 531 1094 Hauc
541 1037 645 1092 aalma
668 1020 704 1092 ἐν
724 1024 788 1092 τῶν
809 1025 1011 1114 συνηγμένων
1032 1025 1206 1092 πολιτειῶν
1218 1029 1332 1110 λίτρον·

233 1135 385 1194 talionem
409 1144 528 1214 partem
558 1134 706 1196 librorum
740 1135 781 1198 de
818 1137 979 1216 republica
1009 1136 1080 1199 lore
1107 1136 1333 1210 necessariam,

234 1257 277 1301 ex
298 1240 407 1302 verbis
426 1240 530 1302 elucet
551 1242 759 1323 sequentibus
778 1236 1022 1328 θεουριγθέντων
1034 1230 1097 1329 γολρ
1117 1229 1244 1306 τοίνυν
1263 1229 1335 1320 τάχ’

235 1333 276 1407 ἃν
295 1340 420 1426 μᾶλλον
439 1340 624 1427 συνλιλοιμεν
644 1367 671 1412 κ.
692 1367 720 1412 τ.
744 1341 771 1412 λ,

320 1453 387 1516 lam
410 1462 444 1516 ul
463 1455 654 1516 seutentiam
677 1475 779 1518 meam
803 1455 965 1538 aperiam,
994 1456 1026 1520 id
1047 1456 1121 1520 mihi
1145 1461 1255 1521 mirum
1279 1455 1333 1517 vi-

233 1558 337 1642 detur,
350 1559 508 1642 quomodo
519 1581 603 1642 eum,
614 1563 668 1642 qui
680 1580 764 1642 quae
775 1564 969 1643 praecedunt
982 1571 1105 1627 allecte
1114 1565 1242 1646 legerit,
1255 1581 1332 1624 ver·

233 1667 343 1730 borum
359 1661 561 1753 συνηγμένων
573 1663 747 1730 πολιτειῶν
754 1671 950 1751 significatio
965 1671 1079 1754 lugere
1094 1672 1239 1754 poluerit.
1265 1672 1335 1732 he·

232 1797 294 1862 ges
315 1782 399 1842 orrlm
421 1779 560 1843 condere
582 1779 610 1842 ei
632 1797 694 1842 non
716 1795 791 1842 esse
814 1778 955 1860 difficule,
978 1785 1032 1863 qui
1053 1797 1159 1843 earum
1180 1779 1335 1861 collegis·-

236 1895 290 1950 sct
311 1888 537 1968 probabiliores
568 1881 633 1967 (aqi
661 1873 870 1968 συναγαγόντι
890 1875 968 1960 τούς
997 1876 1247 1966 εὐδοκιμοῦντας
1272 1880 1338 1946 τοῖν

231 1979 478 2074 νόμων),σρίοἰο
493 2004 562 2056 eral
582 1991 807 2074 sophistarum.
848 1995 899 2056 lix
922 1995 1066 2056 collectis
1088 1995 1171 2056 enim
1193 1995 1333 2073 seligere

234 2111 267 2164 et
290 2099 427 2164 condere
447 2101 540 2182 leges
555 2103 691 2180 optimas
712 2098 795 2161 idem
818 2117 902 2161 esse.
925 2099 1019 2178 Quod
1039 2101 1184 2164 relutaus
1206 2099 1336 2162 Aristo-

232 2207 314 2270 teles
332 2203 553 2288 ¹probabilium
581 2203 689 2286 legum
719 2204 937 2268 collectionem
969 2217 1133 2286 comparat
1162 2223 1233 2268 cum
1259 2222 1331 2264 me-

232 2313 373 2378 dicorum
396 2316 659 2397 syngrammatis‚
681 2332 763 2396 quae
785 2333 879 2396 quum
902 2317 965 2378 sint
981 2317 1083 2397 perito
1105 2314 1204 2395 utilia,
1225 2331 1330 2395 neque

229 2423 376 2506 imperito
399 2423 565 2508 prodesse,
596 2444 699 2506 neque
727 2423 855 2487 allicere
876 2443 1056 2506 quenquam
1078 2424 1200 2506 possint
1228 2421 1334 2484 medi·

231 2551 313 2596 cum.
357 2531 663 2614 Sequuntur'haec:
686 2520 778 2604 Ἴσιος
799 2517 855 2592 οὖν
883 2527 939 2593 καὶ
966 2526 1031 2592 τῶν
1060 2517 1167 2609 νόμων
1195 2522 1335 2590 καὶτῶν

228 2635 403 2703 πολιτειῶν
423 2633 459 2700 αἱ
479 2631 660 2721 συναγωγαὶ
681 2633 751 2709 τοῖς
778 2631 838 2716 μὲν
858 2631 1049 2716 δυναμένοις
1072 2631 1246 2719 θεωρῆσαι
1275 2629 1330 2697 καλ

233 2747 341 2832 κρῖναι
361 2739 396 2808 τέ
417 2741 524 2819 καλῶς
544 2735 567 2829 ἢ
591 2733 775 2806 τούναντίον
796 2739 851 2806 καὶ
869 2745 953 2806 ποῖα
973 2737 1084 2818 πνέοις
1102 2731 1261 2828 ἂρμόττει
1283 2731 1338 2806 eii-

231 2850 344 2938 χρηστ’
366 2842 406 2916 ἂν
434 2847 496 2939 εἴη·
526 2850 598 2925 τοῖς
617 2838 726 2912 δ’ἄνον
756 2842 858 2927 ἕξεως
876 2838 919 2913 τοὶ
948 2844 1083 2911 τοιαῦτα
1114 2843 1273 2927 διεξιοῦσι
1296 2837 1336 2912 τὰ

230 2955 291 3042 μέν
309 2953 429 3046 aplaces
443 2947 616 3034 ιιαλοῖςσύιι
628 2949 670 3021 ἂν
681 2945 834 3042 ὑπάρχοι,
844 2949 878 3020 ei
885 2947 932 3044 μή
947 2947 1014 3044 ἄρα
1026 2947 1221 3044 αὐτόματον,
1229 2981 1257 3024 ιι.
1265 2979 1294 3028 τ.
1306 2957 1337 3027 λ.

233 3069 307 3150 Quo
320 3071 394 3134 lncc
406 3056 469 3144 asic
485 3064 551 3131 τῶν
561 3055 668 3148 νόμιον
679 3060 734 3128 καλ
748 3062 814 3127 τῶν
823 3061 997 3130 πολιτειῶν
1008 3057 1193 3152 σιναγωγᾶς
1209 3069 1337 3152 persoi-

233 3201 329 3246 cuum
337 3193 387 3246 est
396 3180 582 3267 siguificare
592 3199 654 3244 uon
665 3181 802 3244 omnium
815 3181 920 3262 Ιοςιιιο
929 3190 1134 3266 statuumque
1143 3183 1337 3264 reipublicae

236 3291 452 3372 collectiones,
472 3288 533 3352 sed
567 3283 781 3370 probabilium.
824 3291 912 3352 Dixit
936 3291 1020 3354 enim
1048 3291 1089 3354 ‹le
1121 3289 1333 3373 probabilibus

234 3398 383 3481 legibus,
407 3413 481 3460 una
501 3392 544 3457 ale
561 3391 716 3458 omnibus
758 3393 954 3479 colligendis.
1005 3398 1177 3460 Praeterea
1207 3406 1243 3459 ut
1274 3413 1337 3457 uon

234 3509 371 3572 omnium
392 3506 609 3585 formularum,
629 3503 689 3568 seri
711 3505 912 3587 probatarum
938 3514 1179 3588 syngrammata
1201 3502 1334 3566 medicis

236 3617 324 3680 utilia
348 3617 446 3696 suut3
475 3615 519 3678 ita
549 3614 656 3699 legum
692 3631 864 3698 rerumque
893 3617 1088 3697 publicarum
1129 3613 1335 3676 collectiones

233 3725 293 3788 nisi
322 3723 526 3806 probabilium
556 3740 619 3786 uon
646 3733 723 3789 surrl
751 3729 821 3790 usui
852 3726 1000 3808 polinicis.
1044 3725 1163 3805 Neque
1191 3741 1269 3784 vero
1301 3721 1332 3785 id

253 3894 286 3962 l)
303 3896 436 3961 causing.
454 3897 557 3946 lotrad.
576 3895 602 3946 lu
620 3898 679 3948 Pol.
699 3897 782 3950 Arist.
801 3898 849 3948 Ν.
869 3901 897 3962 ς.
914 3898 941 3950 4.
958 3900 989 3948 n.

253 3989 287 4052 2)
307 3991 380 4040 lucer
397 3989 586 4040 collectionem
604 3993 809 4054 praeceptorum
828 3992 1024 4043 rhetoricorum
1044 3990 1092 4058 (cl.
1111 3987 1168 4042 Cic.
1187 3991 1220 4040 de
1237 3989 1338 4040 lculi.

301 4081 345 4141 Ι.)
363 4083 392 4130 el
408 4077 479 4130 lator·
495 4078 644 4130 Rhetorica
662 4077 719 4142 lasa
735 4079 826 4128 eade·
845 4079 914 4132 racio
933 4080 1119 4133 intercessisse
1136 4081 1256 4146 vidolnr3
1285 4092 1337 4132 ue·

298 4185 351 4240 qus
366 4171 421 4224 iila
435 4183 503 4236 aare
520 4171 571 4223 lull
586 4169 804 4238 meloricorum,
821 4173 1121 4240 mdopusseparalum.
