3124 4918
699 343 906 408 ..m-

239 549 408 594 reversum
435 529 477 594 arl
504 529 617 596 eadem
646 549 743 614 esse,
773 551 860 614 quae
886 533 919 594 iu
946 529 1126 611 Republica
1151 533 1341 614 protulisset.

239 636 470 700 Communione
492 638 575 700 enim
591 637 735 716 liberum,
756 657 906 719 uxorum,
926 655 1031 702 rerum
1047 639 1183 700 omnium
1200 641 1339 720 sublata,

237 746 333 825 plane
356 745 490 808 atridem
513 746 648 808 instituit
669 745 789 812 civium
810 745 1023 826 disciplinam
1059 745 1119 808 nisi
1150 745 1235 827 quod
1264 767 1338 810 mu-

236 853 366 914 lieribus
400 854 535 934 syssitia
567 872 645 916 esse
677 854 791 935 iussit,
824 855 1008 935 civiumque
1039 853 1128 916 auxit
1159 872 1338 937 numerum,

236 979 371 1042 quoram
392 968 563 1042 utrumque
585 961 711 1042 probari
732 959 817 1024 haud
839 964 952 1042 possit.
1000 960 1083 1022 Aliis
1104 958 1177 1022 ‹leio
1200 961 1337 1043 quibus·

236 1067 308 1130 dam
331 1069 519 1148 vituperatis
540 1069 635 1132 rebus
657 1077 712 1132 aut
732 1069 1114 1151 correctis„Aristoteles
1134 1067 1175 1130 de
1197 1070 1245 1130 eis
1265 1069 1336 1132 dis·-

236 1177 324 1261 serit,
337 1179 391 1259 qui
405 1178 438 1238 in
450 1177 596 1239 Platonis
606 1177 737 1239 civitate
752 1177 862 1257 copias
872 1184 994 1259 augent
1008 1193 1166 1256 areasque
1177 1175 1333 1254 dividunt.

236 1287 350 1348 'l'otam
371 1293 478 1348 autem
501 1286 644 1347 civitatis
665 1283 945 1346 conformationem
967 1283 1093 1348 Platoni
1114 1285 1236 1365 placuit
1259 1303 1337 1348 esse

234 1405 295 1452 nec
315 1378 504 1474 ὀίιραρχίαν
532 1407 594 1452 neo
623 1381 854 1473 δημοκρατίαν.
907 1388 1074 1452 Eiusmodi
1101 1399 1221 1454 statum
1250 1391 1335 1472 quod

234 1497 374 1576 putavit·
388 1497 494 1578 magis
518 1515 717 1560 communem
745 1514 822 1560 esso
841 1505 874 1558 et
895 1498 1080 1580 vulgarem,
1110 1516 1172 1560 non
1194 1500 1332 1566 erravltt

234 1612 270 1666 at
295 1603 381 1686 quod
401 1621 475 1667 eam
501 1624 656 1688 superare
683 1605 802 1668 nubum
831 1603 922 1666 duxit
948 1604 1009 1666 nisi
1037 1607 1189 1688 primum,
1212 1625 1232 1668 a
1253 1626 1333 1670 vero

233 1711 343 1775 abluit.
386 1713 471 1774 Nam
499 1721 664 1793 praestant
691 1731 730 1774 ea
758 1711 1057 1791 rerumpublicarum
1085 1731 1221 1794 genera,
1252 1732 1334 1795 quae

233 1841 276 1884 ex
297 1822 436 1903 pluribus
458 1825 595 1886 cmiflata
615 1823 658 1886 ad
672 1827 857 1904 optimatum
871 1823 1034 1902 imperium
1047 1811 1329 1909 (ἀριστοκρατίαν)

232 1928 364 2008 propius
384 1928 553 1992 accedant.
607 1930 766 2007 Quamvis
794 1939 901 1992 autem
932 1929 1023 1992 Plato
1053 1931 1218 1994 civitatem
1239 1950 1330 1996 suam

232 2054 275 2098 ex
287 2029 491 2120 δημοκρατίᾳ
503 2046 680 2117 temperare
697 2037 799 2098 voluit
819 2045 852 2098 et
871 2057 912 2099 ex
933 2037 1112 2119 tyrannide,
1131 2039 1205 2102 nibil
1224 2048 1330 2104 tamen

230 2141 323 2204 ira-eo
345 2151 395 2204 est
415 2129 585 2221 βασιλικόν
597 2143 754 2226 (regale),
771 2143 828 2205 sed
842 2131 1095 2228 oloyopxtaolaut
1106 2135 1329 2232 δημοκρατικᾶ

230 2253 345 2312 omnia.
374 2250 486 2330 Neque
508 2259 615 2312 tamen
638 2251 720 2312 haec
741 2252 948 2332 aequabiliter
969 2253 1050 2316 inter
1071 2271 1109 2316 se
1131 2256 1246 2334 mixta3
1267 2255 1327 2320 sed

229 2355 271 2418 ad
290 2344 477 2436 ὀλιγαρχίαν
497 2355 676 2436 respublica
704 2355 849 2433 inclinat,
877 2356 911 2418 id
939 2357 1025 2438 quod
1049 2361 1184 2442 intelligi
1214 2380 1256 2423 ex
1284 2381 1325 2426 aa

229 2467 350 2528 ratione
365 2473 485 2546 potest,
505 2483 566 2546 qua
581 2467 786 2548 magistratus
801 2455 993 2552 (ίίρχαπας)
1005 2474 1117 2553 creari,
1138 2475 1327 2540 consilium-

228 2592 291 2655 que
311 2557 464 2656 (βουλήν)
486 2573 561 2654 eligi
582 2575 678 2637 iussit
702 2575 789 2649 (Pol.
811 2578 852 2639 ll.
873 2579 930 2653 6.).

303 2683 395 2744 Haeo
418 2682 486 2744 fere
508 2689 581 2743 suut
604 2682 720 2762 omnia,
743 2682 885 2764 quaeda
906 2688 954 2748 eis
977 2705 1058 2770 quas
1079 2688 1215 2753 finxerat
1230 2691 1322 2756 Plato

228 2789 392 2854 civitatum
426 2791 536 2854 formis
549 2792 939 2873 Aristotelesdisputavit.
967 2797 1066 2878 Atqui
1077 2796 1163 2879 quod
1176 2798 1235 2862 sibi
1245 2820 1322 2881 pro-

226 2899 343 2978 posuit,
363 2897 395 2958 id
417 2909 506 2960 uerte
525 2907 701 2960 assecutus
721 2907 780 2960 est.
824 2901 916 2970 Nam¹
931 2909 1060 2982 praeter
1081 2905 1233 2968 civitates
1246 2908 1324 2968 Pla-

225 3003 366 3066 tooioas
378 3005 433 3085 qui
452 3005 546 3067 aliam
567 3013 738 3086 quaereret
756 3005 921 3085 optimam,
941 3025 1016 3068 eum
1035 3027 1097 3070 non
1116 3028 1192 3072 esse
1213 3013 1324 3093 sophi-

225 3121 308 3204 stam
330 3111 424 3192 plaue
439 3110 587 3190 eloetutq
604 3111 801 3194 significavit
819 3119 939 3194 eutem,
956 3113 1029 3194 quid
1050 3124 1137 3180 recte
1154 3127 1188 3180 et
1204 3121 1322 3184 utiliter

224 3220 258 3282 in
276 3219 394 3299 optima
415 3217 580 3298 republica
599 3217 825 3282 institueretur.
858 3217 1007 3286 Remotis
1029 3222 1114 3286 enim
1134 3225 1318 3304 pernitiosis

223 3325 349 3408 legibus
363 3322 594 3406 institutisque,
606 3341 690 3405 quae
705 3323 788 3388 boue
801 3331 879 3388 snut
889 3331 923 3388 et
936 3324 1088 3391 salutaria
1102 3326 1318 3411 dispiciuntur.

734 3546 800 3608 ΙΙΙ.

221 3671 842 3752 Deolritatqquarrexcogitavit
868 3671 1316 3732 rbalsaactutosroutua

708 3848 737 3916 S·
758 3845 812 3908 29.
917 3839 927 3854 “

303 3970 347 4034 Ut
373 3981 467 4036 antae
495 3976 690 4042 Aristoteles
722 3978 861 4060 inprimis
890 3979 931 4044 tle
949 3957 1142 4064 mulierum,
1173 3986 1315 4066 liberum,

218 4075 373 4138 benorum
390 4081 610 4144 communione
629 4083 805 4163 quaesivitr
827 4087 873 4150 ita
891 4086 955 4151 ltoc
971 4089 1044 4152 loce
1062 4088 1097 4152 it
1115 4092 1313 4172 potissimum

218 4183 304 4266 epit,
336 4191 372 4248 ut
401 4184 491 4266 leges
519 4186 560 4252 de
586 4207 622 4252 re
650 4190 795 4258 familiari
817 4197 925 4276 quanti
946 4199 1063 4264 sintin
1084 4199 1311 4266 civitatemc-
1349 4281 1353 4289 Ι
