3124 4918
577 1229 748 1318 PARS
788 1231 1006 1320 PRIOR.

268 1419 450 1498 Quonam
486 1424 707 1502 proposito
740 1423 1002 1487 Aristoteles
1035 1424 1081 1485 ad
1115 1425 1315 1506 politicas

380 1527 644 1609 disciplinam
668 1533 930 1596 tractandam
953 1538 1207 1598 accesserit.

687 1747 893 1761 ᾙ

679 1910 857 1964 &APUT
876 1911 913 1964 I.
1006 1911 1010 1922 “

246 2049 296 2108 De
318 2049 449 2110 consilio
472 2052 568 2110 totiaco
589 2055 705 2128 operis,
729 2059 822 2114 cuius
844 2053 946 2114 altera
966 2073 1049 2132 porr
1065 2051 1344 2125 cocaturlt'tltica,

658 2159 760 2218 altera
784 2159 929 2219 Politian.

757 2345 787 2412 d·
808 2343 839 2406 2.

351 2493 543 2558 Aristotcles
566 2513 660 2576 quum
689 2495 804 2560 Ethica
827 2504 858 2557 et
879 2497 1015 2560 Politica
1047 2497 1283 2578 conscriberet,
1315 2497 1346 2560 id

248 2601 307 2662 sibi
329 2607 510 2684 proposuit,
542 2615 576 2667 ut
605 2605 762 2668 derebus
785 2605 930 2668 humanis
952 2601 1047 2690 (trapi
1068 2594 1109 2666 aci
1130 2591 1344 2690 ἀνθρώπινα)

248 2711 416 2792 inquireret
428 2715 464 2786 ¹).
508 2713 600 2792 Quod
625 2715 697 2796 quid
720 2713 892 2796 significet,
915 2723 949 2776 ut
965 2715 1147 2777 accuratius
1162 2735 1348 2798 cognosca-

248 2823 317 2898 tur,
347 2821 440 2898 paulo
469 2821 562 2882 ultius
589 2821 795 2902 repetendum
825 2829 885 2882 cst.
938 2821 1043 2897 Quum
1066 2821 1193 2900 bonum,
1217 2831 1345 2901 propter

250 2923 332 3004 quod
357 2927 419 2986 alla
437 2927 617 3006 expetenda
639 2937 725 3007 suut,
747 2929 849 2988 maius
869 2931 912 2987 sit
932 2935 1028 3006 atqua
1048 2927 1227 3007 optabilius,
1252 2945 1344 3007 quarn

249 3046 289 3089 ea
312 3047 395 3110 quac
418 3039 547 3110 propter
569 3032 643 3092 illud
666 3039 872 3111 expetuntur:
896 3048 1055 3091 summum
1077 3039 1139 3109 ost,
1163 3031 1248 3110 quod
1271 3031 1344 3111 qui-

249 3133 321 3194 dcm
344 3133 489 3196 homines
511 3137 665 3216 consequi
690 3138 882 3216 possuntt),
914 3136 968 3196 vel
991 3143 1167 3197 extromum
1193 3134 1245 3195 vel
1268 3135 1345 3198 ulti-

249 3261 333 3304 mum
349 3243 502 3305 bonorum
520 3245 655 3304 omnium
679 3243 720 3324 id,
743 3243 784 3306 ad
803 3243 887 3326 quod
906 3244 1010 3305 omnia
1027 3244 1217 3323 referuntur,
1241 3243 1343 3323 ipsum

248 3357 354 3409 autem
372 3366 535 3429 nusquam.
555 3349 673 3410 Eorum
691 3360 811 3428 autem,
828 3365 910 3429 quae
926 3365 987 3408 uou
1006 3367 1062 3427 por
1079 3365 1116 3408 se
1138 3347 1197 3408 sed
1217 3357 1346 3430 propter

252 3455 337 3518 aliud
366 3464 575 3538 appetuntur,
605 3457 757 3518 bonorum
787 3453 874 3516 aliud
904 3455 965 3516 alia
995 3453 1126 3518 officere
1154 3455 1263 3516 studet
1292 3473 1345 3516 ars

249 3575 304 3630 aut
331 3565 528 3642 doctrinata
558 3568 641 3628 illud
666 3587 739 3642 vcro
768 3567 919 3630 bonorum
948 3565 1161 3626 humanorum
1189 3565 1345 3638 ultimum,

254 3727 552 3741 m

267 3823 300 3888 1)
317 3826 377 3878 Eth.
396 3825 456 3877 Nic.
474 3829 505 3877 Χ.
525 3825 572 3876 10.

266 3913 300 3980 2)
317 3914 428 3984 πρακτόν
446 3919 486 3967 καὶ
503 3915 593 3982 κτητόν
610 3914 744 3985 α’νθρῶπῳ.
762 3919 822 3968 Elii.
839 3899 898 3969 Nlo.
917 3920 937 3971 1.
955 3917 982 3968 4.
1000 3919 1036 3967 cl'.
1055 3920 1154 3968 Mutet.
1173 3915 1233 3980 (ed.
1251 3917 1347 3968 Rittiu-

316 4005 429 4072 keuius)
452 4010 479 4058 iu
500 4009 560 4062 stu.
583 4010 643 4060 Nlo.
665 4011 686 4058 l.
706 4009 732 4058 1.
752 4013 817 4058 tom.
835 4009 881 4058 ill.
906 4022 931 4071 p.
950 4007 1013 4058 146.
1036 4007 1074 4058 ct.
1090 4008 1148 4056 tttu.
1167 4009 1261 4070 Magn.
1280 4007 1300 4056 1.
1320 4006 1346 4056 1.

317 4100 386 4151 llud.
404 4101 425 4151 1.
444 4101 470 4152 7.

266 4191 300 4259 3)
317 4191 441 4244 doctriua
458 4192 525 4242 idem
543 4194 667 4245 declarat
683 4195 754 4258 quod
771 4190 890 4257 μέθοδος.
908 4193 942 4244 ol.
961 4189 1059 4243 Manet.
1078 4192 1097 4240 l·
1116 4203 1139 4240 c.
1158 4204 1184 4253 p.
1204 4190 1269 4241 tao.
