3124 4918
209 333 256 396 Vl

209 533 325 595 librum
345 532 385 594 de
411 528 623 594 Aristoteleis
650 525 794 589 Politiois
820 524 979 592 abeonh.
1004 523 1181 609 Spengelio
1207 523 1303 608 paulo

206 689 281 744 ante
307 680 440 745 editum.
499 677 592 741 Unde
618 676 778 760 cognovi,
817 675 921 736 virum
945 672 1032 735 illum
1060 672 1173 734 harum
1198 689 1301 734 rerum

206 851 277 896 cum
305 830 415 912 primis
442 833 578 910 peritum
600 844 724 888 mecum
750 822 934 887 consentire
960 821 1171 903 compluribus
1191 821 1231 883 de
1246 839 1302 882 re-

207 982 280 1065 bus,
311 997 391 1060 quas
417 997 436 1040 a
462 997 514 1039 me
547 994 624 1039 osse
649 976 749 1056 primo
782 971 910 1055 quidem
938 971 1179 1036 animadversas
1204 981 1302 1053 puta·

206 1143 331 1189 veram·
357 1121 466 1203 Quare
492 1139 583 1203 quum
610 1138 723 1183 verum
748 1137 798 1182 me
825 1115 948 1180 vidisse
971 1115 1098 1178 facilius
1124 1115 1201 1178 mihi
1226 1135 1303 1197 per·

102 1363 107 1369 .
209 1272 398 1354 suaderem,
423 1269 637 1333 vehementer
660 1268 798 1354 gavisus
824 1285 905 1332 sum.
931 1267 1048 1347 Neque
1066 1267 1149 1329 enim
1176 1275 1229 1329 est
1251 1267 1305 1328 illa

209 1407 340 1504 quidem*
357 1420 520 1484 sententia
544 1417 725 1500 probanda:
753 1425 898 1499 pereant,
925 1418 979 1501 qui
1005 1428 1080 1483 ante
1105 1437 1165 1481 nos
1191 1418 1304 1481 eadem

211 1569 332 1632 dixere.
370 1566 431 1631 Ubi
447 1575 552 1631 autem
578 1585 633 1632 res
648 1566 692 1635 ita
708 1567 792 1652 tulit,
814 1575 850 1640 ut
862 1569 902 1638 ab
926 1587 967 1636 eo
993 1570 1218 1652 dissentirem,
1244 1591 1305 1634 an·

210 1714 433 1780 notatiunculis
457 1714 490 1777 id
521 1711 724 1800 significavi3
746 1713 906 1795 ‘itemque
931 1714 961 1776 si
987 1714 1071 1796 quod
1096 1735 1148 1778 me
1177 1715 1306 1802 iugarat

209 1869 287 1927 novi
312 1862 389 1946 quid
422 1861 506 1943 apud
541 1879 614 1924 eum
647 1861 771 1922 inveni:
811 1862 976 1942 quominus
1002 1864 1034 1924 iu
1060 1864 1307 1944 disputationem

211 2020 316 2074 meam
341 2009 526 2092 reciperem,
553 2007 705 2089 temporis
721 2011 880 2090 angustiis
897 2008 1031 2089 aliisque
1055 2009 1173 2074 studiis
1200 2013 1304 2093 impe-

212 2159 309 2240 ditus,
322 2162 559 2226 annotationem
574 2156 742 2240 adscripsi.
755 2189 805 2204 —
830 2161 999 2223 'testatum
1011 2160 1145 2250 denique
1164 2163 1308 2234 omnibus

214 2323 292 2368 esse
309 2304 396 2388 volo,
422 2323 474 2368 me
501 2303 587 2367 hunc
613 2302 756 2374 edidisse
781 2303 931 2390 libellum,
958 2323 1021 2378 nou
1047 2305 1131 2396 quod
1151 2309 1205 2370 vei
1235 2328 1307 2372 me-

215 2456 322 2520 diocre
337 2454 510 2538 quideme
535 2453 729 2546 praestitum
751 2471 828 2522 esso
846 2459 1004 2544 putarem,
1030 2455 1090 2518 sed
1103 2463 1149 2539 ut,
1163 2455 1211 2517 eis
1227 2476 1309 2542 quae

215 2617 291 2672 ante
305 2611 499 2688 scripseram
518 2604 636 2668 ieviter
649 2604 849 2679 retractatis,
870 2601 1071 2666 Aristotelea
1083 2605 1191 2670 studia
1205 2607 1310 2674 auimo

215 2762 355 2838 retenta,
380 2751 585 2838 gravioribus
611 2747 727 2844 studiis
740 2751 875 2820 remissa
901 2757 968 2818 tum
993 2761 1226 2822 revocarentur
1244 2761 1310 2822 tum

216 2903 433 2968 incitarentur.
