3124 4918
673 361 881 425 ..40-

228 536 288 599 nisi
308 537 350 602 de
372 538 500 620 pubitoe
519 547 552 604 et
573 539 770 604 institutione
790 550 825 606 et
844 539 1043 606 educatione.
1086 541 1235 626 Namque
1246 543 1325 607 Art·

228 648 364 709 stoteles
385 646 601 730 inquirendum
623 665 700 711 esse
721 647 799 710 dioit'
819 647 861 712 de
883 667 984 711 uxoro
1006 655 1039 711 et
1060 648 1191 729 merito,
1222 648 1262 713 de
1283 651 1325 714 ii·

227 753 312 816 beris
331 763 363 816 et
385 764 485 836 putre,
509 754 551 818 de
572 773 682 817 eorum
698 753 950 831 necessitudine,
972 755 1102 838 virtute,
1125 753 1324 820 eduottione.

226 858 321 938 Quae
352 878 449 941 quum
479 861 524 922 ite
554 861 637 942 sint,
670 859 860 927 Sohneideri
887 860 1079 924 sententium
1108 857 1325 944 Goettiingius

224 985 374 1048 magnum
386 967 510 1048 quidem
524 977 656 1048 portem,
667 985 728 1032 ooo
745 976 850 1030 temen
867 967 990 1032 idoneis
1006 967 1180 1032 rttionibus
1201 967 1325 1032 refute-

225 1071 282 1135 vit.
305 1071 401 1150 Quod
416 1071 562 1156 equidem
576 1072 684 1136 iuuere
696 1072 844 1137 oonebor.
872 1073 922 1136 De
934 1061 1047 1156 ὁμιλίᾳ
1058 1073 1324 1156 igitur-mulierum

226 1186 260 1240 et
280 1179 411 1243 liberum
434 1180 507 1261 quid
529 1180 694 1244 honestum
716 1184 772 1262 sit,
794 1183 1006 1266 investigetur
1028 1183 1059 1244 in
1081 1182 1149 1246 Pol.
1168 1181 1250 1246 ltu
1269 1182 1324 1246 ubi

226 1305 334 1350 eorum
355 1287 533 1352 communio
555 1297 659 1350 utrum
681 1289 723 1351 sit
743 1288 956 1368 instituendo,
986 1308 1027 1352 ιιι
1048 1308 1110 1352 non
1131 1290 1189 1371 sit,
1221 1307 1324 1373 quee-

225 1395 310 1460 ritur.
355 1394 407 1458 Ad
429 1396 593 1459 mulierum
622 1385 752 1476 ὁμιλίαν
778 1398 872 1460 etium
901 1397 1070 1461 referende
1099 1405 1149 1460 est
1179 1397 1323 1480 quaestio

224 1504 266 1568 de
287 1524 395 1570 eorum
417 1507 560 1589 syssitiis
582 1507 665 1581 (Pol.
688 1509 729 1570 ΙΙ.
751 1508 781 1572 u.
803 1516 837 1570 et
856 1507 914 1578 7.).
965 1506 1016 1570 Ad
1045 1510 1194 1570 virtutem
1215 1517 1322 1572 eutem

223 1614 407 1678 muliebrem
428 1624 554 1697 speotnt
575 1617 677 1697 loeus,
699 1617 753 1698 qui
774 1624 826 1678 est
845 1615 877 1678 in
899 1615 966 1677 Pet
990 1617 1031 1678 ΙΙ.
1051 1616 1082 1678 9.
1104 1616 1146 1680 de
1167 1615 1323 1678 effrenate

225 1722 445 1786 huooenerum
467 1723 593 1789 licentio
614 1733 647 1786 et
667 1725 919 1806 intemperentia,
942 1725 1010 1788 Pol.
1024 1726 1080 1787 ΙΙΙ.
1096 1724 1126 1786 4.
1148 1722 1188 1788 do
1209 1723 1324 1788 molie-

224 1850 293 1894 rum
310 1829 427 1894 virtute
443 1839 477 1893 et
495 1830 617 1910 officiet
636 1840 787 1913 speoteot
805 1850 916 1894 omues
931 1833 961 1894 ei
978 1832 1053 1909 iooi,
1073 1833 1125 1895 ubi
1143 1831 1323 1894 ostenditur

225 1958 288 2002 nou
310 1957 386 2002 esse
408 1939 574 2001 muliebris
604 1957 726 2020 sexus,
758 1941 873 2003 beilum
900 1960 1016 2022 gerere
1044 1951 1078 2004 et
1109 1941 1268 2002 excellere
1289 1939 1321 2002 in

225 2048 343 2108 virtute
365 2043 498 2106 militari.
542 2044 592 2104 De
614 2045 761 2126 oouiugie
782 2031 913 2124 ὁμιλίᾳ,
939 2042 980 2106 de
1002 2061 1173 2126 puerorum
1195 2051 1229 2106 et
1250 2043 1321 2104 vir-

225 2162 295 2216 tute
315 2162 349 2216 et
370 2152 561 2216 eduoetione
581 2150 699 2215 diotum
720 2169 798 2216 esse
819 2153 850 2214 in
872 2151 992 2215 v11.et
1007 2151 1098 2214 Vnt.
1111 2149 1211 2230 libris,
1230 2157 1321 2212 rente

226 2259 399 2322 eidrmevit
419 2257 649 2342 Goettiiugius.
694 2257 903 2324 Desideretur
936 2265 1043 2322 eutem
1075 2255 1248 2339 disputatio
1281 2256 1323 2320 do

226 2367 387 2430 mulierum
410 2367 609 2432 ednoetione.

718 2533 748 2601 §-
769 2531 819 2591 25.

245 2669 286 2719 Ite
302 2667 365 2718 libri
381 2669 402 2720 1.
421 2667 579 2732 integritate
592 2667 815 2734 singulorumque
832 2669 948 2734 cupitum
968 2667 1061 2721 ordine
1078 2673 1105 2722 et
1122 2667 1307 2734 dispositione.

311 2806 516 2870 Potitioorum
544 2807 655 2872 librum
678 2810 702 2872 1.
726 2807 956 2871 Aristoteieum
978 2825 1075 2890 osse,
1103 2805 1188 2890 quod
1209 2806 1323 2889 soinrn,

226 2932 321 2976 nemo
349 2931 489 2996 unquam
517 2916 660 2998 negavit.
702 2916 821 2997 Neque
849 2913 1015 2997 quisquam
1037 2914 1214 2996 dubitavit,
1247 2913 1323 2996 quin

228 3041 299 3085 eum
322 3040 417 3106 quem
440 3021 576 3104 scriptor
602 3022 673 3103 ipse
702 3022 897 3086 Instituiseet
925 3021 1065 3104 oepitom
1089 3020 1230 3085 ordinem
1251 3018 1324 3083 edi·

228 3133 332 3194 tiones
352 3138 482 3193 nostrae
503 3129 699 3192 exhiberent.
757 3177 759 3185 .

309 3235 357 3296 At
378 3235 521 3316 suerunt,
544 3232 598 3316 qui
619 3241 675 3297 eut
696 3240 798 3296 totum
820 3250 889 3316 otp.
912 3233 972 3298 xl.
994 3241 1051 3296 eut
1072 3241 1162 3295 uerte
1183 3228 1245 3294 duo
1268 3228 1324 3292 itte

226 3357 309 3422 quoe
327 3342 361 3402 in
382 3359 421 3403 eo
443 3340 618 3403 offeruntur
638 3341 788 3422 exemplo
815 3339 983 3422 supposito
1011 3356 1086 3402 osse
1114 3337 1324 3421 suspioeren·

227 3459 289 3514 tur.
330 3450 397 3516 Sed
428 3450 513 3534 quod
540 3450 676 3514 elienum
697 3449 847 3514 essetab
870 3467 996 3533 eoquo
1019 3465 1101 3512 utus
1122 3456 1173 3511 est
1196 3448 1325 3510 Aristo-

228 3563 311 3625 teles
341 3562 491 3644 penuiieri
520 3561 646 3627 dioeudi
674 3579 826 3646 genere,
862 3579 994 3644 prorsus
1021 3559 1096 3624 nihii
1124 3560 1325 3623 invenerunt.

227 3671 403 3734 Praetereo
424 3679 520 3754 oeput
541 3673 599 3738 xt.
621 3671 650 3735 si
671 3671 807 3736 eieotum
829 3678 932 3752 esset,
953 3669 1139 3733 neoeeeorie
1157 3665 1326 3730 desidere-

226 3787 316 3843 retur
336 3780 610 3844 oeconomioorum
633 3779 797 3862 pertinuit.
839 3776 964 3838 Etenim
983 3774 1191 3859 philosophus
1209 3773 1324 3858 siquid

225 3877 371 3970 τεχνικόν
391 3888 545 3970 indegnre
566 3891 736 3968 potuisset,
758 3885 789 3949 id
810 3884 931 3948 dooere
951 3884 1011 3948 sibi
1032 3883 1198 3965 proposuit
1211 3887 1242 3946 in
1254 3884 1324 3948 Poi.

226 4000 252 4066 t.
276 3997 304 4062 l.
345 3997 396 4060 De
418 3989 599 4082 δεσποτικῇ
618 3993 703 4058 huno
726 3998 828 4060 iooum
851 3992 945 4076 qussi
958 3990 1142 4076 perstrinxit
1155 4008 1226 4074 unp.
1248 3991 1324 4053 vu.

227 4127 290 4193 quo
312 4105 353 4171 de
373 4104 508 4170 soientio
529 4103 639 4167 herii.
662 4123 692 4167 e.
713 4101 755 4166 de
777 4120 944 4168 servorum
958 4120 1018 4166 usu
1031 4099 1119 4166 dixit
1163 4097 1245 4178 Quid
1262 4105 1325 4178 eet,

227 4235 283 4282 our
313 4213 446 4280 eundem
473 4211 514 4278 do
540 4207 780 4301 χρηματιιτικῇ
800 4213 903 4277 ionum
927 4200 1202 4294 praetermiserit?
1236 4204 1322 4266 Νιιι

1532 3659 1558 3712 4
