3124 4918
659 349 865 412 ..54-

212 529 468 622 ὒραοκὲψασθοι
495 521 616 620 καιρός.
666 535 759 614 Quae
784 531 951 598 roloronda
981 543 1057 598 suut
1086 533 1128 600 atl
1165 535 1233 600 Pol.
1267 533 1309 606 V.

214 642 264 709 to.
289 645 324 707 ll
339 643 375 716 ¹).
808 665 812 672 ·
1038 639 1040 646 ’
1097 661 1101 672 ·

296 750 360 813 Vcl
381 749 519 812 maximo
541 755 649 812 autom
671 745 846 812 mirandum
863 757 952 813 cssot
969 750 998 812 sl
1019 749 1059 813 ab
1073 751 1136 813 alio
1150 753 1310 833 scriptore

211 855 290 920 libor
311 857 354 922 ll.
375 855 530 935 originem
554 849 695 936 drrcorat,
726 855 810 935 qnod
833 873 928 934 quom
952 855 1049 917 multa
1071 855 1245 918 civitatium
1259 857 1310 918 in-

211 965 340 1045 stituta,
365 965 475 1048 logos,
506 962 711 1044 disciplinae,
741 964 976 1046 descriptiones
997 965 1132 1046 siugulis
1153 965 1310 1048 capitibus

210 1073 479 1154 vituperarentur,
501 1093 542 1134 na
571 1092 633 1136 una
654 1072 779 1156 quidam
801 1091 854 1135 ras
876 1074 985 1138 nosoio
1008 1091 1071 1155 qno
1090 1091 1199 1137 arrorc
1221 1073 1310 1135 ritu·

210 1187 322 1262 parata
344 1187 442 1260 assat,
467 1197 547 1264 quaa
569 1185 760 1262 reperiretur
782 1183 818 1244 iu·
829 1185 949 1264 optima
965 1183 1097 1246 ciuitate
1109 1199 1202 1264 quam
1217 1181 1311 1245 linxit

210 1289 413 1354 Aristotcles.
455 1293 552 1353 Nunc
578 1301 684 1354 autam
716 1293 824 1354 mirum
854 1291 885 1354 id
915 1313 978 1356 non
1007 1301 1078 1374 ast,
1114 1309 1212 1375 quum
1240 1295 1312 1374 ipsa

150 1467 151 1472 ἵ
211 1414 341 1479 quaqua
362 1397 403 1460 da
423 1416 457 1460 ro
478 1399 636 1460 constanti
660 1417 741 1462 usus
761 1402 804 1462 sit
815 1399 937 1462 iudicio.
962 1399 1030 1464 Sed
1045 1409 1079 1462 ut
1098 1399 1138 1462 ad
1152 1419 1311 1464 sunnnum

212 1519 366 1587 pergam,
394 1505 576 1586 complures
597 1505 651 1587 qui
674 1506 742 1569 Pol.
767 1507 809 1570 ll.
830 1514 1007 1568 tractantur
1029 1506 1091 1569 loci
1113 1507 1142 1569 ai
1163 1513 1246 1582 sunt,
1277 1513 1313 1568 ut

211 1613 245 1674 lu
266 1611 352 1676 utris
368 1611 579 1694 'dorepublica
588 1612 705 1675 dacusa
718 1613 806 1674 nullo
818 1613 914 1693 pacto
927 1617 1062 1694 possint.
1105 1615 1314 1695 Explicantur

212 1715 275 1780 loci
296 1717 337 1780 (la
357 1720 579 1780 communione
599 1719 776 1798 muliorum,
801 1718 933 1780 liberum
955 1719 1040 1792 (l’ol.
1060 1721 1101 1780 ll.
1118 1718 1237 1796 t-t.),
1257 1737 1312 1782 ro·

206 1845 281 1890 uum
303 1829 442 1890 omnium
464 1829 556 1910 (οἱ),
574 1828 614 1890 da
627 1829 777 1890 bonorum
793 1828 985 1906 aequatione
1005 1825 1081 1901 (7.),
1094 1825 1136 1887 do
1154 1823 1313 1888 mutandis

212 1934 362 1998 tollendis
375 1935 544 2017 veleglbus
566 1933 643 2014 (ἃ),
666 1935 736 1996 aliis
752 1931 792 1992 dc
809 1933 913 1992 robus.
955 1933 1007 1994 Da
1030 1933 1146 2014 quibus
1168 1931 1314 1994 omuibus

213 2050 365 2106 accurato
397 2042 552 2122 inquiret,
589 2040 644 2120 qui
675 2037 716 2100 rla
747 2038 909 2118 rapublica
937 2037 1079 2100 scribare
1104 2039 1314 2101 constituerit.

212 2148 323 2227 Quare
344 2147 426 2210 libor
447 2149 489 2214 ll.
511 2152 628 2212 citatur
650 2148 682 2209 io
699 2145 920 2229 aequantibus.
962 2143 1074 2208 Veluti
1093 2145 1124 2206 in
1145 2144 1213 2210 Pol.
1240 2146 1312 2208 Vll.

212 2243 424 2342 9Καθάπερ
453 2244 516 2342 γὰρ
546 2251 702 2336 εἴπομεν,
734 2246 903 2330 ἑνδέκατον
933 2245 988 2314 καὶ
1008 2238 1135 2328 πάντας
1154 2252 1317 2320 κοινωνεῖν

211 2351 346 2430 πάντων
366 2359 421 2426 καὶ
440 2353 487 2450 μή
509 2350 635 2437 πάντας
654 2349 785 2426 πάντων
808 2346 895 2426 ἀλλά
917 2360 1022 2428 τινῶν.
1066 2363 1160 2442 Quae
1188 2383 1251 2427 nou
1271 2363 1314 2428 ad

215 2473 286 2540 l'ol.
306 2474 367 2538 tv.
390 2474 439 2540 15.
463 2483 500 2538 ut'
516 2475 645 2555 putavit
664 2471 892 2556 Goattlingios,
916 2472 975 2535 sad
995 2471 1036 2536 ad
1055 2471 1124 2536 l’ol.
1146 2474 1185 2534 ll.
1209 2472 1226 2534 i
1255 2492 1313 2536 rc·

215 2580 347 2646 furanda
360 2583 491 2656 sunm).
533 2581 576 2642 Et
597 2581 628 2643 iu
650 2580 709 2642 Pol
741 2581 815 2643 Vll.
829 2582 879 2645 10.
898 2597 950 2662 sq.
971 2581 1071 2643 verbo
1091 2573 1200 2664 φαμὲν
1211 2579 1314 2642 intar-

216 2690 340 2772 posito,
370 2707 479 2750 corum
502 2687 620 2751 mantio
642 2695 713 2768 ast,
747 2707 829 2770 quac
856 2695 930 2750 suot
957 2691 989 2750 iu
1018 2687 1086 2750 1²01.
1108 2689 1150 2751 ll.
1171 2687 1202 2748 5.
1222 2688 1254 2752 6.
1275 2688 1316 2750 al

206 2796 386 2877 ,explicata
429 2795 604 2860 Praeterea
634 2792 847 2858 adscribenda
874 2801 951 2858 aaut
974 2793 1077 2858 verba
1101 2793 1198 2858 hacot
1228 2794 1314 2869 (Pot

217 2905 273 2969 lli.
284 2905 331 2978 6.)
353 2897 493 2990 Εἴρηται
520 2889 562 2987 δή
588 2897 643 2965 καὶ
663 2889 748 2964 κατα
774 2891 853 2976 ,τούς
882 2886 1035 2988 πρώτους
1051 2887 1176 2983 λόγους,
1210 2895 1245 2964 ἐν
1258 2887 1318 2976 ὀἷς
1450 2881 1452 2888 ’

217 3005 298 3096 περὶ
318 3003 503 3092 οἰκονομίας
515 3006 689 3097 Ιδιωρίσθη
709 3001 997 3083 καϊδεσποτοίας.
1039 3011 1115 3074 Nisi
1143 3011 1223 3076 intar
1244 3019 1316 3074 tar·

218 3120 295 3183 tium
328 3130 361 3182 ct
390 3122 521 3203 primurn
555 3121 633 3182 liber
665 3121 704 3182 tt.
741 3119 1011 3201 intercessisset,
1051 3120 1132 3182 satis
1168 3097 1333 3184 ttuouratu¹

216 3208 353 3292 tllxisset
373 3217 456 3290 κατοῖ
468 3216 545 3300 τούς
557 3214 709 3312 πρώτους
722 3213 852 3310 inpono:
876 3243 960 3290 nuno
973 3243 1052 3292 voro
1064 3245 1160 3310 quum
1172 3227 1250 3292 libcr
1260 3245 1318 3290 so-

216 3333 337 3401 condor
358 3339 476 3417 pariter
497 3353 538 3400 ac
558 3335 678 3418 primus
698 3329 827 3418 πρῶτοι
845 3320 938 3418 λόγον
960 3339 1073 3399 vocari
1093 3345 1239 3420 possent,
1262 3337 1314 3398 la·

217 3444 281 3507 tius
303 3443 464 3522 definivit,
493 3452 595 3508 utrum
623 3442 758 3527 intelligi
777 3443 890 3508 librum
919 3444 1067 3508 voluerit.
1111 3446 1163 3506 Ac
1183 3442 1225 3506 da
1245 3440 1315 3506 libri

216 3555 257 3619 ll.
279 3555 416 3618 varitate
437 3554 529 3635 satis,
552 3562 586 3616 ut
608 3553 754 3635 arbitron
777 3552 979 3616 dictumest.

284 3677 445 3732 Annoiotio
459 3679 482 3730 1.
516 3681 546 3729 tn
558 3681 616 3732 Pol.
625 3682 660 3732 ll.
672 3679 850 3745 liiaguntur
859 3679 945 3729 var-ba
953 3657 1033 3728 haro:
1052 3676 1103 3726 Καὶ
1111 3675 1212 3740 βέλτιον
1221 3671 1250 3725 δὲ
1261 3671 1317 3734 τοδε

283 3773 389 3835 βασιλεῖς
414 3767 479 3837 μήτε
500 3768 565 3822 necrol
582 3769 612 3822 ro*
633 3767 695 3822 oo’ro'
720 3769 784 3822 εἶναι
809 3772 879 3839 γένος
903 3766 968 3836 nquit
991 3771 1067 3820 τοῦτο
1089 3764 1121 3819 ον’
1145 3762 1241 3834 τύχον,
1266 3769 1319 3820 εἴτε

235 3963 268 4032 1)
286 3968 361 4016 tineo
377 3969 463 4018 veria
481 3969 666 4037 uoettttngtnr
684 3970 778 4022 rotulit
794 3972 829 4022 au
847 3969 905 4022 Pol.
924 3970 985 4020 vit·
1004 3968 1060 4034 183
1077 3981 1133 4022 non
1146 3969 1319 4022 recta-troci

283 4065 372 4108 anton
391 4073 457 4123 qnos
476 4061 604 4126 adscripsi
623 4069 680 4113 tres
698 4075 814 4125 quorsus
831 4061 997 4127 pertineant,
1015 4064 1151 4114 auuotura
1170 4065 1199 4112 at
1216 4062 1317 4114 Goatt-

286 4149 388 4215 lingius
406 4153 497 4203 omisit
514 4158 543 4203 et
559 4155 693 4204 Stairius.

234 4242 266 4308 2)
284 4243 363 4311 Quod
382 4245 451 4298 irlcur
469 4247 576 4299 notavit
592 4247 758 4314 spangettos
776 4246 809 4313 (i.
826 4260 850 4300 c.
869 4261 895 4310 p.
912 4244 976 4312 88.)
