3124 4918
247 542 342 606 quem
363 523 446 605 quud
469 524 741 608 vulgumedetur,
757 527 870 590 melius
892 527 1217 612 mnsteguripessit.
1252 533 1346 598 lise-

246 642 320 696 runt
337 635 430 711 euim,
441 635 497 717 qui
509 629 705 698 dernuretel
722 635 886 698 seientiam
897 653 975 698 esse
986 647 1133 717 peterent
1149 658 1210 702 eeu
1221 640 1348 704 disere·-

245 760 323 824 pere
334 743 375 804 eb
386 735 564 825 οἰκονομίᾳ,
580 739 743 826 πολιτικῇ,
753 738 916 828 βασιλικῇ.
940 746 1089 820 l'ueruut,
1106 746 1157 828 qui
1177 747 1264 829 lege,
1284 767 1349 812 usu

245 859 359 913 ueturu
380 849 474 912 ellum
498 868 629 912 servum
654 867 732 912 esse
745 851 887 914 dieereut
903 853 997 914 elium
1012 854 1142 916 liberum
1156 854 1242 928 (Pul.
1252 856 1277 916 l.
1287 854 1346 928 3.).

328 961 455 1024 Servus
481 962 579 1044 igitur
611 963 802 1043 neuuipiuru
831 969 882 1022 est
908 962 1130 1042 patrifamiliae
1157 961 1199 1024 ed
1227 981 1344 1026 mum

245 1070 344 1152 probe
357 1071 553 1153 lungendum
566 1072 794 1135 necessarium.
815 1072 876 1134 list
890 1072 972 1134 euim
984 1073 1228 1136 instrumentum
1240 1071 1348 1154 qued·

244 1181 316 1244 dem
337 1170 524 1266 πρακτικόν,
545 1201 607 1264 quo
628 1186 726 1246 utitur
735 1183 803 1246 vitu
823 1199 907 1265 quee
927 1167 1051 1264 πρᾶξις
1070 1188 1135 1260 est,
1156 1199 1218 1244 ueu
1240 1197 1342 1264 ποιη-

241 1275 341 1351 τικόν.
382 1291 424 1366 Ιιζ
443 1298 548 1353 eutem
577 1299 689 1354 ueture
719 1291 764 1354 ite
789 1298 961 1373 generatus
982 1297 1051 1369 est,
1081 1295 1117 1350 ut
1136 1305 1255 1352 servus
1275 1287 1344 1370 flet,

242 1399 294 1482 qui
317 1415 378 1460 neu
401 1398 451 1460 sui
472 1398 587 1480 ipsius,
607 1398 666 1462 sed
688 1416 822 1480 prorsus
843 1396 977 1460 ulterius
1000 1404 1051 1458 est
1077 1399 1098 1458 i.
1121 1397 1225 1477 equi
1245 1395 1341 1458 hume

239 1502 377 1586 quidem,
399 1503 459 1567 sed
481 1505 711 1586 muuuipium1)
732 1506 817 1577 (Pul.
842 1504 869 1566 l.
892 1504 950 1578 4.).

325 1607 394 1672 Sed
415 1609 589 1690 quaeritur,
612 1610 697 1671 sitne
719 1608 833 1690 uliquis
855 1617 965 1672 nature
987 1607 1034 1670 itu
1053 1613 1270 1686 eemperutrrs,
1290 1603 1341 1667 ei-

187 1750 195 1761 ·
236 1714 375 1802 demque
396 1731 498 1782 utrum
521 1719 597 1782 utile
618 1724 662 1782 sit
682 1721 806 1784 servire
818 1729 850 1784 et
862 1739 1010 1803 aequem,
1030 1739 1146 1784 unuuu.
1195 1720 1340 1800 Quieuu·

237 1847 301 1912 que
321 1828 421 1912 igitur
443 1837 554 1890 nutura
576 1835 631 1890 eut
653 1829 820 1892 voluutete
840 1829 922 1892 iuter
944 1847 982 1892 re
1003 1829 1161 1893 eeniuuuti
1181 1837 1268 1906 suut,
1305 1841 1338 1895 ut

236 1955 331 2000 uuum
343 1935 501 2017 quoddam
514 1953 595 2015 epus
609 1934 750 1998 ellleieut
761 1956 769 2000 r
782 1938 956 1999 neuselum
978 1953 1087 1997 eurum
1110 1937 1163 2000 ulii
1184 1939 1339 2018 imperent

237 2051 376 2124 oportet,
399 2042 451 2104 elii
472 2050 623 2121 pereunt,
655 2040 714 2103 sed
735 2059 777 2103 ex
799 2059 841 2103 ee
859 2042 930 2122 ipsu
952 2045 1048 2104 etiem
1072 2057 1220 2126 maguum
1245 2046 1335 2107 utili·

237 2159 333 2212 tatem
357 2149 543 2231 percipiunt.
585 2149 786 2230 Argumeute
809 2157 859 2211 est
880 2149 1086 2232 ipsudque,
1116 2151 1208 2212 euius
1228 2153 1333 2214 enims

235 2275 364 2338 empne,
383 2256 474 2318 euius
502 2257 601 2318 menti
620 2255 811 2337 eupiditutes
832 2257 1072 2341 obtemperent,
1104 2267 1137 2321 et
1170 2259 1201 2321 id
1229 2263 1333 2341 ipsum

236 2365 284 2426 eis
313 2382 397 2447 quee
423 2371 536 2446 pureut
576 2361 749 2427 secuudum
782 2377 925 2427 usturam
955 2375 1007 2429 est
1023 2373 1070 2426 et
1090 2368 1175 2430 utile.
1216 2369 1335 2450 Neque

236 2473 421 2536 animalibus
444 2479 555 2535 eoutre
577 2480 719 2536 ueturem
743 2484 794 2537 est
811 2483 865 2536 sut
885 2475 1005 2555 inutile,
1027 2475 1059 2538 iu
1079 2477 1237 2537 servitute
1259 2493 1334 2538 esse
1412 2501 1416 2514 ·

236 2582 414 2656 humluumt
433 2597 536 2660 neque
556 2581 657 2656 uxori,
676 2580 894 2662 obtemperare
917 2582 1070 2644 voluntati
1092 2583 1205 2645 meriti.
1236 2581 1332 2660 Quae

236 2687 348 2751 eedem
377 2686 458 2747 rutiu
490 2701 627 2748 neeesse
651 2693 702 2746 est
721 2687 817 2748 letius
836 2695 946 2768 petest
974 2688 1014 2750 ud
1033 2703 1210 2769 omnesque
1229 2689 1330 2769 perti-

232 2802 309 2858 ueut
333 2791 485 2855 homiues.
536 2789 687 2874 Quisquis
716 2793 797 2855 euim
826 2793 871 2856 ue
897 2794 969 2856 eliis
998 2793 1178 2856 humilibus
1207 2804 1327 2859 tuntum

233 2903 349 2984 differt,
362 2911 511 2985 queutum
527 2917 645 2981 eorpus
658 2900 697 2963 ub
711 2900 827 2981 auimo,
840 2901 954 2964 uuimel
966 2902 1006 2963 ult
1018 2901 1162 2968 homi-er
1174 2903 1202 2964 is
1217 2915 1331 2968 uetere

233 2988 285 3076 est
304 3029 423 3076 servus
445 3010 668 3093 servituteque
689 3009 868 3073 aduretur.
910 3011 995 3072 Nure
1015 3010 1096 3072 inter
1113 3012 1211 3074 telem
1223 3011 1335 3074 hemi*

232 3141 305 3186 uem
317 3129 350 3184 et
364 3121 509 3184 enimulie
527 3119 560 3182 ld
582 3139 677 3182 unum
692 3120 834 3198 interest,
849 3117 935 3200 quud
948 3117 1001 3179 lsiu
1022 3118 1154 3180 ulterius
1171 3121 1326 3182 rationem

231 3235 344 3312 (quem
365 3247 427 3289 nou
449 3227 545 3288 hebet
565 3226 652 3306 ipse)
675 3225 839 3306 percipere
867 3234 899 3287 et
919 3225 1012 3307 sequi
1037 3233 1165 3307 petest,
1195 3225 1247 3288 ille
1267 3243 1326 3287 se-

230 3344 369 3421 quuntur
396 3335 594 3416 cupiditates.
641 3334 813 3398 Hominem
840 3335 936 3419 igitur
964 3334 1013 3396 sie
1034 3332 1185 3396 effectum
1213 3335 1266 3415 qui
1293 3335 1325 3396 iu

233 3443 407 3510 sevitutem
431 3442 568 3526 rediget,
592 3441 1002 3524 eumiuiusteleeerequis
1016 3437 1187 3524 opinetur‘l
1211 3438 1324 3518 Quid?

230 3551 259 3614 si
287 3559 439 3633 quantum
467 3551 582 3630 enimi,
609 3559 731 3615 tuntum
765 3569 898 3631 empore
927 3550 1102 3623 distarent„
1133 3556 1169 3612 ut
1191 3548 1323 3614 deorum

229 3658 342 3742 liguris
363 3659 451 3722 liberi
472 3658 593 3721 similes
614 3675 700 3738 esse,
721 3657 808 3721 servi
827 3656 999 3721 dissimiles
1020 3655 1230 3738 viderentur,
1252 3657 1322 3740 quis

247 3935 279 4001 1)
296 3939 352 3988 Pul.
369 3940 389 3987 Ι.
406 3938 433 3990 4.
450 3933 465 3990 ὅ
480 3936 517 4004 μή
532 3935 610 3992 edred
626 3939 696 4006 φύσει
711 3938 763 3992 dtt'
779 3940 863 4005 ἄλλον,
879 3940 1011 4008 ἄνθριιυιος
1028 3937 1064 4003 δέ,
1079 3932 1153 4000 οὗτος
1173 3941 1242 4008 quurr
1258 3941 1320 3995 δοῦ-

293 4025 334 4087 λός
346 4023 524 4082 ἔστιν.’ἈΠον
538 4026 639 4082 δ’ἐστὶν
658 4025 798 4100 ἅνθρωπος,
821 4028 847 4092 ὃς
864 4029 896 4084 ὃν
912 4034 996 4098 κτῆμα
1011 4025 1170 4101 {hripense
1186 4031 1231 4092 ὄν.
1248 4036 1320 4101 1(τῆ-

292 4139 330 4186 pre
345 4118 375 4172 dl
389 4119 495 4190 ὄργανον
511 4121 647 4188 πρακτικόν
671 4125 713 4176 ul
728 4123 864 4192 χωρωσόν.
896 4126 955 4178 Pul·
974 4125 1000 4178 l.
1018 4127 1049 4178 θ.Ἰ
1064 4120 1079 4176 ὅ
1095 4122 1129 4178 dir
1141 4123 1228 4186 δοῦλος
1244 4129 1317 4194 piper

292 4230 315 4262 τι
331 4215 377 4263 τοῦ
394 4209 528 4276 δεσπότου,
544 4203 598 4265 οἷον
614 4210 737 4282 ἔμψυχόν
754 4233 778 4266 τι
796 4218 840 4266 τοῦ
863 4212 976 4281 σώματος
993 4220 1178 4286 καχωρισμένον
1193 4214 1224 4267 dt
1239 4221 1320 4284 piper.
