3118 4914
668 354 899 424 ...100-

222 542 343 604 musica
372 541 572 604 coniunctum
605 546 657 600 cst
672 543 708 614 ¹).
759 539 875 620 Neque
908 536 949 600 de
976 526 1174 622 μαθήμασι,
1205 538 1318 620 quibus

221 650 355 712 iuvenes
376 667 395 710 a
419 648 586 728 pubertate
609 644 770 728 usquead
794 665 908 708 annum
931 645 1019 708 XXl.
1041 645 1200 714 imbuendi
1229 655 1316 721 sunt,

222 747 499 828 quidquam'aliud
521 749 674 830 reperies,
695 751 756 810 nisi
778 769 860 832 quae
882 760 957 812 suut
978 754 1007 812 in
1030 753 1135 833 capite
1150 752 1208 814 lV.
1223 739 1319 814 Ὅταν

222 851 253 914 δ’
281 844 340 940 ἀφ’
360 846 443 938 ἥβης
463 845 519 938 ἔτη
539 850 616 937 optor
636 844 725 940 πρὸς
738 857 813 930 τοῖς
833 847 946 932 ἄλλοις
961 847 1137 943 μαθήμασι
1153 853 1320 942 γένωνται,

221 950 297 1026 τότε
316 950 474 1047 ἆρμὸτσει
494 960 560 1028 κτλ.
604 963 697 1042 Quae
722 983 816 1048 quum
842 969 888 1030 ita
917 967 980 1028 sint
1005 967 1251 1049 disputationem
1279 965 1320 1028 de

223 1073 342 1136 ceteris
364 1073 482 1134 artibus
502 1072 684 1135 liberalibus
707 1073 866 1137 excidisse
898 1073 1003 1140 indico
1033 1085 1066 1140 et
1092 1075 1217 1159 quidem
1245 1083 1319 1156 post

225 1191 321 1263 caput
343 1181 400 1246 lV.
423 1183 489 1244 libri
509 1184 541 1246 V
544 1186 599 1246 tlt.

305 1291 380 1352 llae
411 1297 517 1352 autem
548 1291 578 1352 in
604 1290 817 1372 disputatione
845 1293 941 1354 etiarn
970 1289 1171 1372 praestitisse
1193 1288 1321 1350 videtur

223 1398 274 1479 id,
310 1399 394 1482 quod
425 1398 569 1480 promisit
600 1402 631 1460 iu
661 1399 731 1460 Pol.
761 1399 835 1460 Vll.
868 1399 914 1460 1⁷.
954 1393 1022 1460 Νῦν
1043 1391 1103 1477 μὲν
1123 1381 1178 1457 οὖν
1198 1382 1321 1458 τούτων

222 1513 347 1582 (aarum
382 1482 507 1588 return,
535 1525 631 1588 ·quae
663 1525 685 1569 a
720 1509 872 1568 iuvenum
904 1507 1031 1568 auribus
1067 1513 1098 1565 et
1134 1503 1234 1564 oculis
1265 1522 1321 1564 ar-

224 1615 347 1676 cendae
368 1617 461 1688 sunt]
484 1607 517 1675 ἐν
538 1609 738 1698 παραδρομῇ
759 1601 977 1697 πεποιήμεθα
1005 1600 1061 1673 τόν
1089 1598 1191 1694 λόγον·
1221 1599 1319 1672 ὕστε-

223 1740 280 1805 ρον
301 1708 569 1804 δ’ἐπισσήσαντας
590 1718 644 1784 δεῖ
664 1716 807 1807 διορίσαι
828 1715 967 1800 μᾶλλον,
999 1716 1067 1782 εἴτε
1087 1707 1134 1803 μή
1155 1714 1208 1780 δεῖ
1227 1713 1322 1802 πρῶ-

223 1848 278 1890 τον
300 1825 368 1892 εἴτε
389 1825 444 1892 δεῖ
468 1819 733 1912 διαπορήσαντας
754 1826 809 1892 καὶ
830 1825 902 1902 πῶς
922 1824 985 1890 δεῖ·
1016 1815 1098 1888 κατα
1119 1821 1157 1888 δὲ
1178 1814 1234 1887 τόν
1255 1845 1323 1886 πα-

224 1923 323 2020 ρόντα
343 1926 454 2022 καιρόν
473 1926 684 2022 ἐμνήσθημεν
703 1927 749 2012 οἷς
777 1927 956 2019 αναγκαῖον.
1003 1937 1072 1999 ‘Cui
1096 1935 1222 2018 quidem
1246 1955 1323 2017 pro·

226 2046 324 2111 misso
351 2063 422 2106 eum
450 2045 643 2107 satisfacere
664 2063 727 2108 non
760 2046 892 2108 arbitror
912 2044 979 2106 libri
998 2044 1089 2106 Vlll.
1113 2042 1227 2123 capitia
1251 2043 1324 2103 Vll.

226 2155 408 2235 praeceptis
418 2157 459 2229 θ).

310 2263 404 2337 Quae
426 2260 642 2324 de‘librorum
665 2262 738 2326 Vll.
761 2272 794 2326 et
824 2262 915 2326 vlit.
939 2262 1122 2345 integritate
1144 2261 1231 2325 dicta
1253 2271 1327 2325 sunt

227 2370 331 2432 omnia
352 2369 427 2430 rnibi
451 2387 576 2431 meeum
598 2370 758 2451 reputanti
784 2369 814 2432 id
835 2387 915 2438 vero
937 2375 1067 2452 propius
1088 2388 1164 2430 osse
1186 2369 1324 2449 videtur,

229 2471 408 2540 desiderari
437 2495 500 2554 non
530 2475 611 2538 duos
633 2478 686 2538 vel
709 2483 857 2558 quattuor
878 2477 985 2556 libros,
1005 2476 1063 2538 sed
1087 2476 1324 2557 disputationes

228 2581 321 2660 duas,
335 2592 391 2645 aut
412 2591 489 2644 tres.
517 2581 761 2660 Quarumunam
784 2591 856 2663 post
879 2584 953 2645 Vll.
978 2585 1025 2646 le.
1047 2584 1177 2665 deessej
1195 2585 1326 2647 alteram

230 2697 303 2770 post
325 2689 416 2753 Vlll.
437 2688 467 2749 4.
487 2689 686 2767 crediderim,
709 2696 807 2751 totam
832 2697 937 2751 autem
961 2690 1002 2752 de
1027 2693 1146 2771 optima
1160 2685 1328 2772 ¹republica

229 2803 350 2877 partein
364 2793 523 2857 'concludi
546 2801 736 2878 quaestione
759 2795 800 2857 de
820 2797 951 2861 musica.

313 2903 380 2962 lam
403 2919 480 2962 vero
503 2917 596 2982 quum
618 2900 658 2962 ab
681 2903 852 2963 Aristotele
874 2904 1005 2983 primum
1024 2903 1140 2968 dictum
1156 2907 1198 2968 sit
1212 2895 1330 2988 optima

230 3012 408 3094 respublica
422 3029 479 3092 per
492 3030 573 3093 quos
594 3013 635 3075 sit
657 3012 799 3095 regenda
820 3015 891 3091 (1.),
913 3011 1026 3074 deinde
1043 3016 1202 3096 quomodo
1216 3025 1328 3079 natura

231 3121 377 3202 gignatur
402 3129 435 3181 et
464 3137 526 3201 qua
555 3122 678 3182 ratione
706 3119 919 3181 constituatur
947 3120 1037 3202 tlt),
1061 3121 1194 3204 denique
1216 3125 1328 3206 quibus

231 3247 272 3289 ex
292 3228 413 3292 civibus
434 3235 638 3310 componatur
661 3229 767 3303 (lll.]:
787 3227 932 3309 sequitur

231 3390 518 3406 m

252 3487 282 3548 l)
299 3489 343 3544 cf.
360 3490 419 3541 rol.
437 3490 511 3541 vlll.
531 3491 557 3542 6.
575 3490 638 3557 slepi
656 3485 685 3538 db
703 3490 743 3554 τής
759 3484 919 3552 ἐπιτιμήσεως
935 3481 965 3553 ἦν
983 3505 1045 3544 τινες
1063 3484 1207 3551 ἐπιτιμῶσιν
1216 3481 1246 3543 ὥς
1265 3505 1330 3536 ποι-

300 3577 370 3647 ούσης
394 3585 436 3648 τῆς
452 3583 570 3648 μουσικῆς
586 3576 738 3646 βαναύσους,
765 3573 794 3628 οὗ
816 3575 934 3644 ludendo·
958 3580 1027 3628 λῦσαι
1058 3581 1229 3644 σκεψαμένους
1253 3580 1331 3645 μέχρι

302 3689 331 3722 ττ
347 3669 429 3723 πδσου
452 3674 503 3722 τοῖν
518 3671 595 3739 ἔργων
620 3672 779 3735 κοινωνητέον
804 3675 856 3727 τοῖς
872 3666 934 3734 πρδς
951 3664 1039 3734 ἄρετήν
1055 3663 1242 3732 παιδευομένοις
1259 3670 1334 3719 πολι-

244 3827 246 3831 ,
301 3760 427 3828 τικήν,καὶ
443 3767 505 3815 τισί
519 3783 562 3814 ων
579 3763 691 3828 μελῶν
707 3764 758 3812 καὶ
775 3765 880 3812 ποίων
896 3759 1033 3826 ρὐθμῶν
1049 3765 1208 3824 κοινωνητέον
1224 3781 1248 3818 κ.
1266 3781 1291 3818 τ,
1309 3763 1332 3812 δ’

252 3852 441 3919 2)1neaaom
461 3852 620 3915 quaestione
638 3851 705 3901 tltnt
722 3850 855 3913 explloart
872 3850 975 3911 potuit,
1005 3847 1075 3911 quod
1093 3848 1223 3901 indicavit
1241 3853 1333 3914 Spen-

264 3953 283 4000 ἢ
301 3943 400 4008 gelius.
436 3941 542 4007 (Ueber
564 3941 606 3994 die
628 3943 687 3993 l'ol.
711 3944 757 3992 des
776 3942 858 3992 Arist.
874 3955 938 3992 ann.
957 3939 1033 4004 11.):
1066 3941 1196 4006 ,βοτοῖσι
1209 3944 1259 4008 μοι
1275 3944 1333 3994 siclt

302 4034 466 4088 Aristoteles
489 4032 607 4085 dardber
632 4035 757 4100 erlrldrt,
787 4037 821 4086 ob
839 4049 901 4086 man
924 4037 1025 4086 Homer
1044 4037 1098 4086 und
1123 4036 1166 4087 dle
1189 4038 1333 4104 Τοιαῦται,

303 4126 408 4176 welche
432 4127 508 4178 Plato
535 4125 670 4178 verbannt
686 4128 751 4190 bat,
778 4126 937 4177 aulnetrrnen
956 4128 1031 4178 dtrta
1050 4129 1102 4178 und
1121 4141 1234 4186 warum.
1269 4128 1337 4194 Vgl.

306 4217 367 4270 v1t.
387 4216 455 4269 tw

1536 3663 1551 3944 i

1542 4587 1551 4800 i
