3118 4914
681 331 887 396 „qq-

232 535 330 597 quem
352 518 495 605 puamisit
517 517 708 579 Aristoteles
731 516 974 598 disputationem
993 514 1170 578 desiderari
1186 514 1332 580 affirma-

236 627 284 688 vit
301 626 504 711 Contingius
548 626 884 710 Geettliugiuaautem
907 629 1036 690 remita
1057 627 1209 708 expedire
1231 645 1333 691 euna·

231 743 289 798 tus
319 745 391 819 est,
431 737 533 800 etad
564 737 642 801 Dee.
673 740 697 803 1.
721 738 772 816 t.‚‘
789 755 871 818 quae
893 755 963 798 eum
993 737 1139 798 Pelideis
1160 736 1331 798 ooniuneta

232 851 364 922 essent,
392 843 496 907 ioeum
526 845 613 908 ilium
642 843 787 908 aeserret.
831 842 899 908 Sed
929 843 1135 906 Oeeanimiee
1157 843 1288 922 primum
1312 861 1331 906 a

235 947 458 1028 ¹dheophrusto
479 949 597 1030 scripta
618 967 696 1010 esse
718 957 854 1012 constat.
897 948 1020 1011 Deinde
1037 957 1183 1028 neatpost
1196 947 1332 1010 Politiea

232 1054 422 1120 eotmeande
443 1067 534 1116 erant
554 1055 615 1121 sed
635 1065 708 1118 aute
729 1056 876 1120 Politiea.
919 1057 1012 1134 Quod
1034 1057 1061 1118 si
1084 1057 1233 1132 fecisset,
1266 1055 1330 1118 due

232 1162 401 1228 habuisset
423 1162 656 1239 oeeonomiem
690 1181 785 1244 quum
809 1167 831 1230 Ι.
862 1165 1064 1227 Politieorum
1094 1165 1171 1226 iiber
1192 1167 1266 1226 item
1288 1165 1330 1226 sit

236 1267 276 1332 de
298 1269 531 1334 Oeeonemieis.
573 1271 742 1333 Postremo
764 1293 804 1334 ne
835 1292 874 1334 ea
903 1273 1027 1355 quidem
1061 1274 1193 1353 quaein
1216 1272 1329 1336 Oene-

230 1377 367 1440 uemieis
388 1377 505 1459 legitur
526 1376 685 1438 sententia
709 1394 781 1440 eum
805 1379 913 1440 verbis
939 1379 1000 1440 iilis
1030 1378 1097 1440 uilo.
1126 1377 1220 1440 modo
1249 1395 1328 1440 eou-

232 1487 330 1550 venit
374 1487 435 1548 list
456 1488 538 1548 enim
567 1487 665 1552 haee:
695 1472 799 1558 Πόλις
820 1481 879 1565 μὲν
898 1471 956 1548 οὖν
977 1478 1088 1548 οἰκιῶν
1106 1471 1239 1567 πλῆθος
1260 1477 1331 1547 ἐστι
1351 1493 1364 1511 “

230 1587 286 1654 καὶ
313 1579 422 1676 χώρας
448 1587 503 1656 καὶ
531 1580 704 1676 χρημάτων
730 1581 890 1678 αὔταρκες
916 1581 1001 1677 πρὸς
1026 1582 1066 1656 ed
1093 1579 1130 1654 ed
1157 1588 1226 1676 ζῆν,
1246 1611 1330 1675 quae
1407 1574 1409 1577 ”

231 1699 345 1766 eadem
367 1702 461 1766 etiem
483 1703 513 1764 iu
538 1703 681 1765 Politieis
709 1705 739 1763 in
766 1710 910 1784 promptu
933 1711 1010 1764 erat.
1054 1702 1137 1764 Cum
1168 1699 1332 1765 Guettiiu·

231 1813 288 1892 gio
315 1809 411 1891 igitur
448 1811 631 1874 consentire
668 1811 909 1892 haudquaquam
941 1824 1090 1890 possumt
1127 1829 1231 1890 neque
1253 1827 1330 1870 vero

233 1935 305 1982 eum
329 1917 514 1999 Contingio.
558 1917 720 1980 Pertinent
742 1919 824 1980 enim
846 1938 917 1999 cap.
943 1919 985 1981 V.
1006 1919 1108 1980 verba
1129 1935 1211 1998 quae
1233 1934 1331 1996 supra

229 2023 324 2103 posui
342 2023 385 2086 ad
407 2023 550 2086 eiusdem
573 2024 641 2086 libri
661 2043 730 2104 eap.
754 2025 830 2086 XV.
874 2023 968 2101 Quod
989 2025 1033 2086 ite
1061 2041 1137 2084 esse
1159 2023 1328 2102 inteiiiges,

231 2129 260 2201 ai
281 2129 333 2192 itta
354 2127 481 2210 quidem
505 2129 606 2190 verba
629 2128 796 2211 diligenter
816 2128 1042 2208 perpenderist
1063 2115 1141 2190 ὅταν
1155 2115 1240 2200 ὅλως
1250 2123 1330 2212 περὶ

231 2221 374 2319 κτήσεως
394 2231 450 2298 καὶ
468 2232 528 2320 τῆς
546 2230 626 2320 περὶ
646 2224 705 2320 τήν
725 2223 840 2298 οὐσίαν
860 2224 1018 2320 εὐπορίας
1047 2229 1208 2318 συμβαίνῃ
1239 2252 1329 2294 not«

232 2341 383 2404 εἷσθαι
410 2335 576 2421 μνείαν,
606 2337 693 2415 πῶς
724 2337 792 2404 det
820 2336 889 2403 καὶ
916 2336 1012 2404 τίνα
1038 2327 1189 2423 τρόπον
1217 2330 1331 2417 ἔχειν·

230 2437 339 2534 πρὸς
358 2438 429 2534 τήν
450 2445 596 2534 χρῆσιν
618 2436 755 2533 αὐτήν.
798 2451 923 2513 Etenim
944 2470 982 2512 se
1004 2451 1194 2512 mentionem
1219 2451 1328 2512 iaetu-

231 2577 299 2622 rum
323 2558 498 2640 pollicetur,
522 2557 679 2638 quemodo
703 2559 794 2620 eivea
817 2566 849 2618 et
871 2577 934 2638 qua
955 2559 1077 2620 ratione
1090 2576 1145 2618 res
1155 2557 1328 2619 familiares

227 2663 423 2745 divitiasque
443 2663 593 2726 adhihere
625 2663 770 2724 debeant
824 2663 897 2741 Qua
928 2661 969 2724 de
1003 2682 1038 2724 re
1067 2665 1183 2744 mentio
1220 2663 1327 2725 estin

232 2769 337 2851 eapite
358 2771 434 2834 XV.
478 2770 573 2833 Haee
595 2771 691 2853 igitur
720 2790 805 2852 quae
836 2774 1021 2835 enumeravi
1044 2771 1207 2857 conringii
1230 2791 1328 2856 argu·

230 2887 338 2942 menta
366 2899 430 2942 non
462 2889 537 2942 suut
565 2881 735 2962 probanda
779 2881 887 2960 Quare
913 2883 942 2944 si
976 2884 1062 2946 nuile
1091 2883 1328 2965 suppeditarent
1444 2912 1468 2960 f

230 2987 313 3068 aiia,
345 2988 441 3052 libros
472 2990 544 3052 Vii.
565 3001 597 3052 et
628 2993 716 3053 vtn.
739 3009 815 3054 esse
846 2992 991 3073 integros
1021 2991 1168 3054 dicerem.
1212 2995 1327 3073 Neque

232 3107 338 3158 tamen
361 3097 421 3160 alia
442 3097 602 3179 defiuiuut,
626 3117 729 3180 eaque
744 3099 947 3182 gravissimu,
969 3117 1101 3180 querum
1115 3119 1209 3164 imum
1233 3103 1326 3162 etiam

233 3201 425 3286 Contingius
445 3206 563 3272 attulit

316 3311 390 3373 VH.
421 3310 562 3374 Primum
592 3315 676 3375 enim
705 3315 736 3374 iu
767 3314 835 3378 Pol.
865 3313 938 3378 vn.
973 3313 1021 3379 10.
1050 3315 1198 3396 teguntur
1227 3314 1326 3376 haee:

231 3411 318 3502 Περὶ
346 3411 519 3504 συσσιρίων
545 3438 582 3481 τε
612 3418 764 3485 συνδοκεῖ
790 3417 875 3484 πᾶσι
899 3407 1057 3506 χρήσιμον
1085 3410 1168 3484 εἶναι
1196 3421 1269 3492 ταῖς
1288 3406 1327 3481 εὖ

230 3521 543 3607 κατεσκευασμέναις
554 3516 689 3592 πόλεσιν
708 3519 875 3618 ὑπάρχειν·
893 3527 917 3591 d
924 3533 944 3591 ι’
967 3516 1011 3615 ἣν
1030 3526 1053 3590 d
1059 3521 1214 3590 ἀἰτίαν
1235 3545 1326 3590 σον-

232 3629 352 3696 douei
383 3629 451 3696 καὶ
484 3622 587 3717 ἡμῖν,
615 3625 788 3723 ὕστερον
824 3632 1013 3722 ἐροῦμεν.
1063 3637 1187 3715 Quibus
1215 3635 1325 3696 verbis

231 3743 319 3822 qaod
333 3744 536 3823 promisisset
555 3745 757 3821 Aristoteles,
779 3747 979 3825 praestitisse
994 3745 1107 3806 eumin
1130 3742 1325 3806 Oeconomi-

232 3852 281 3910 eis
303 3849 464 3912 contendit
481 3848 708 3934 Goettlingius.
732 3853 795 3931 Qui
807 3853 931 3935 quidem
946 3871 1007 3935 quo
1023 3853 1053 3914 in
1076 3853 1182 3933 eapite
1194 3849 1234 3913 de
1245 3869 1325 3934 sys-

231 3957 312 4020 sitiis
349 3957 518 4039 quidquam
555 3961 719 4042 legisset,
750 3979 811 4021 non
834 3959 921 4022 dixit.
964 3961 1081 4043 Neque
1111 3961 1192 4022 enim
1216 3959 1256 4022 de
1278 3961 1327 4022 eis

233 4067 349 4128 mentio
366 4065 491 4148 quidem
506 4077 556 4130 est
570 4067 600 4131 in
618 4067 852 4132 Oeconomicis.
895 4069 1011 4151 Neque
1031 4090 1109 4133 vero
1132 4071 1162 4131 in
1185 4067 1325 4131 Potitium

232 4173 324 4236 uliam
343 4192 477 4255 usquam
493 4173 646 4236 rationem
660 4176 774 4257 attulit,
790 4194 845 4240 cur
861 4179 1038 4260 comparari
1053 4170 1203 4240 evodium
1219 4176 1326 4238 veliet.
