3124 4918
660 373 865 439 „21-

209 545 245 614 αἱ
268 547 312 616 ,δὲ
349 539 531 614 τούναντίον
566 536 802 613 πολιτεύονται·
828 545 1072 636 θεωρηθὲιτων
1098 537 1160 633 yde
1187 534 1309 610 τούτων

207 645 280 736 ,τάχ’
306 647 348 720 ἂν
375 652 497 738 μᾶλλον
525 653 712 738 derideretur
739 655 794 720 καὶ
821 653 903 722 ποία
931 651 1084 722 πολιτεία
1109 647 1227 741 ἀρίστη
1254 649 1309 716 καὶ

213 760 286 838 πῶς
309 753 433 849 ’ὲκᾶστη
462 766 629 844 ταχθεῖσα
660 761 715 827 καὶ
741 761 809 829 τίσι
829 755 941 846 νόμοις
961 761 1016 828 καλ
1034 757 1130 830 ἔθεσι
1148 759 1308 849 χρωμένη.

211 867 368 953 Αὲγωμεν
390 859 452 934 οὖν
481 861 668 958 ἀρξάμενοι.
712 875 807 940 Haec
834 875 949 952 verba,
980 875 1094 956 quibus
1115 873 1309 947 Aristotelea

209 999 362 1062 -uraguuur
393 981 469 1044 ittud
499 981 584 1063 qued
616 984 647 1044 iu
677 983 880 1046 Politiccrum
910 981 996 1044 tibris
1017 988 1191 1044 secuturus
1220 987 1310 1040 esset

209 1090 380 1154 consilium
404 1088 739 1172 concepit„deiucepa
762 1089 1007 1154 accuratissime
1028 1089 1252 1170 disquirantur.

713 1249 740 1347 ν’.
765 1275 813 1335 ιι.

302 1403 343 1452 De
362 1400 519 1452 Aristotelis
536 1402 651 1470 consilio
669 1417 702 1452 ex
720 1402 777 1453 eius
794 1401 880 1464 ipsius
898 1399 989 1452 verbis
1007 1401 1209 1466 cognoscenda.

206 1551 209 1558 ¹
300 1519 349 1608 Τῇ
368 1520 523 1608 πολιτικῇ
542 1520 752 1610 πραγματείᾳ
780 1533 930 1605 utsupra
958 1523 1095 1586 diximus
1118 1521 1310 1585 Aristoteiea

211 1631 369 1695 disserere
393 1634 491 1694 voluit
513 1633 553 1694 de
574 1635 671 1696 rebus
685 1633 829 1696 humanis
853 1628 951 1719 (περὶ
961 1621 1003 1695 τοὶ
1020 1618 1231 1716 ἀνθρώπινα)
1255 1630 1309 1692 vel

211 1739 252 1801 de
276 1733 430 1823 πολιτικῇ
450 1726 603 1818 δυνάμει,
634 1759 718 1821 quae
746 1741 836 1822 quasi
866 1739 960 1802 fiuem
992 1739 1187 1821 propositum
1215 1737 1311 1800 habet

210 1864 369 1908 summum
393 1847 508 1908 bouum
531 1846 712 1908 humanum.
756 1845 849 1924 Quod
872 1845 945 1928 quid
968 1855 1000 1908 et
1021 1845 1114 1928 quale
1137 1845 1187 1921 sit,
1211 1863 1308 1926 quum

210 1953 241 2014 iu
264 1951 387 2015 urbicis
408 1943 650 2032 explanaverit,
677 1953 772 2015 finem
795 1949 1003 2037 quidemurjg
1024 1947 1195 2038 πολιτικῆς
1218 1971 1311 2014 mou·

210 2060 345 2140 stravit,
374 2059 433 2121 sed
453 2058 493 2120 ad
515 2058 747 2130 absolvendam
769 2059 810 2124 de
830 2060 958 2141 politice
980 2059 1226 2140 disputationem
1248 2080 1311 2124 ex-

210 2175 345 2251 ponatur
375 2185 511 2252 uecesse
541 2178 611 2246 est,
640 2188 704 2248 qua
734 2189 806 2230 eum
834 2171 879 2228 art
900 2173 996 2248 finem
1026 2174 1077 2230 cia
1095 2173 1312 2248 perveniatur.

210 2271 283 2334 Hoc
298 2273 396 2353 igitur
412 2273 576 2334 Aristoteli
592 2273 813 2354 explicandum
830 2273 902 2358 fuit,
925 2282 958 2336 ut
978 2274 1140 2352 consilium
1161 2291 1311 2354 exeque-

212 2390 298 2444 retur
326 2384 423 2446 totius
451 2385 573 2463 operis,
603 2401 665 2463 quo
694 2391 923 2456 totamartem
955 2384 1113 2465 politicam
1139 2385 1313 2464 complecti

212 2507 348 2572 eumque
378 2508 472 2572 quem
502 2489 561 2550 sibi
593 2490 729 2552 finxerat
757 2489 994 2566 adulescentem
1017 2510 1128 2570 verum
1150 2490 1312 2571 puliticum

213 2591 348 2660 reddere
376 2593 597 2661 constituerat
650 2598 775 2678 Quibus
809 2618 851 2662 ex
883 2599 1066 2675 rationibus,
1090 2598 1245 2678 efficitur,
1277 2602 1312 2663 ἑο

210 2707 421 2790 Politicerum
440 2711 530 2772 lidria
556 2711 794 2772 conscribendis
822 2711 857 2778 id
875 2710 1044 2772 Aristoteli
1059 2687 1168 2788 [uiuae
1187 2728 1307 2786 propc-

210 2817 316 2889 aitum,
341 2821 380 2876 ut
396 2817 630 2894 philosophiam
660 2819 699 2890 de
726 2818 820 2896 reduc
843 2817 994 2893 λαριαιιὶε
1016 2817 1061 2878 ud
1074 2819 1170 2894 finem
1188 2817 1312 2910 peratu—

211 2934 298 2988 ceret
325 2917 432 3000 (ὅπως
460 2920 509 3000 εἰς
537 2915 672 3007 δύναμιν
698 2917 719 3012 ῇ
745 2922 825 3009 περὶ
851 2915 893 2988 re?
913 2912 1108 3009 ἀνθρώπινα
1129 2917 1313 3018 φιλοσοφία

211 3029 393 3116 τελειωθῇ)
416 3055 445 3094 ο.
467 3042 505 3095 ut
524 3041 620 3096 tetam
641 3037 768 3096 doceret
788 3040 888 3094 artem
908 3033 1080 3112 politicam,
1105 3036 1198 3108 ορίαι
1214 3037 1312 3112 finem

212 3149 286 3204 ante
307 3142 527 3218 repticarerut
547 3161 573 3204 ο.
596 3143 681 3218 qaeu
698 3143 780 3216 idem
802 3147 859 3216 ert,
879 3147 917 3202 ut
937 3141 1116 3202 estenderet
1135 3159 1199 3220 qua
1221 3140 1312 3216 ittam

212 3251 256 3310 ad
270 3253 368 3328 finem
389 3252 441 3309 τιά
460 3251 692 3327 perveniretur.
742 3247 924 3312 Aristotelia
943 3248 1109 3312 consitium
1132 3248 1176 3310 ita
1197 3246 1311 3324 adum*

213 3353 295 3444 brari
310 3351 448 3436 quidem,
467 3371 527 3416 uec
548 3361 656 3416 tamen
677 3354 768 3436 quusi
791 3355 934 3436 perfecta
958 3354 1086 3436 effigies
1107 3363 1182 3418 aute
1200 3355 1311 3432 cautus

211 3462 285 3545 poui
307 3468 431 3543 petest,
464 3461 521 3522 uisi
545 3462 615 3523 eiua
636 3461 739 3540 ipsius
761 3461 868 3524 verbis
889 3463 1070 3526 accuratius
1092 3461 1311 3537 corraiderutia.

709 3669 738 3736 3.
764 3661 810 3723 12.

210 3785 367 3848 ,Deverbtsz
388 3793 586 3861 Παραλιπόντων
602 3789 647 3845 οὖν
666 3797 714 3845 τῶν
731 3797 856 3864 προτέρων
872 3790 1034 3862 ἆνερεύνρτον
1051 3791 1082 3844 τό
1098 3767 1155 3860 περὶ
1173 3795 1214 3858 τῇς
1230 3810 1311 3857 νομο-

405 3891 505 3952 θεσίας,
523 3883 612 3945 otdruda
628 3885 812 3956 λπισκέψαοθαι
828 3888 925 3954 μᾶλλον
941 3888 1041 3952 βέλτιον
1058 3887 1122 3944 ἴσως.

229 3969 260 4056 ,ἱ
296 4000 331 4060 tu
363 4018 470 4062 earum
498 4003 604 4078 rerur'rr
634 4023 782 4080 nurnero,
820 4001 936 4086 quibus
967 3999 1008 4062 ad
1039 3999 1185 4082 politices
1216 3998 1310 4061 finem

213 4105 476 4192 persequendum
505 4107 697 4190 adiuvamur
705 4153 731 4190 a
748 4110 882 4190 primunr
912 4107 1015 4170 iocum
1045 4108 1187 4201 ebtiueut
1208 4109 1311 4190 leges.

212 4211 308 4292 Quae
327 4211 487 4296 quemodo
503 4212 545 4278 ad
558 4215 707 4282 virtutem
725 4215 901 4296 conterant,
921 4233 1018 4306 quurrr¹
1036 4234 1078 4278 ex
1093 4234 1133 4278 εο
1150 4217 1311 4280 coniicere
