3124 4918
253 563 444 630 poaoumua,
475 546 559 632 quod
588 550 727 612 virtuter
753 547 891 612 morales
913 545 1175 612 exercitationem
1197 552 1361 632 requirunt

253 663 287 720 et
306 655 556 736 assuetudinem,
579 665 644 721 tum
666 655 822 720 diaolmuo
844 677 885 720 ex
905 657 1016 720 ultimo
1036 653 1221 722 litblcoram
1241 660 1358 740 capite.

253 761 300 824 Aa
316 761 420 844 leges,
444 763 557 845 quibua
578 765 671 824 cives
692 761 765 826 boni
786 762 975 842 reddantur,
998 772 1109 826 rectae
1129 765 1194 826 aiut
1217 781 1354 828 necem

254 877 307 932 ort
319 872 357 942 ¹).
398 869 511 948 Quare
529 869 570 932 de
592 872 688 932 rectio
710 871 836 956 legibue
856 871 1044 954 philoaopbo
1065 873 1109 934 ita
1132 871 1355 934 disserendum

254 983 322 1057 eat,
354 983 390 1037 ut
417 976 552 1038 iuvotrea
578 971 788 1056 aoptcbe'caaul
818 977 959 1042 evadant
985 980 1004 1040 i.
1026 998 1055 1040 e.
1078 987 1112 1040 ut
1133 979 1225 1062 legno
1246 987 1356 1042 rectao

253 1084 391 1150 cundoro
406 1091 540 1170 puapiut
562 1091 677 1152 'l'otum
696 1097 805 1152 autem
824 1088 865 1162 do
886 1089 1113 1174 legumlatiorre
1134 1090 1235 1154 locum
1258 1105 1355 1172 quum

252 1210 273 1256 a
295 1193 467 1256 maioribus
488 1194 669 1278 neglectum
691 1193 830 1278 viderat,
859 1199 928 1272 ipre
954 1214 1019 1258 nara
1044 1197 1147 1257 coium
1169 1198 1207 1258 de
1227 1199 1355 1274 optimio

251 1305 410 1382 rectioque
430 1303 551 1380 lepidus
566 1305 712 1384 serendia
730 1305 890 1366 ducerem
909 1308 1077 1364 conatitur'!
1097 1304 1156 1364 aed
1172 1305 1211 1364 de
1230 1304 1355 1380 lepidus

251 1409 446 1486 simpliciter,
464 1412 505 1470 de
523 1410 747 1489 tepnmtotiooe
762 1415 798 1472 io
818 1415 1011 1474 univercum.
1033 1393 1359 1495 Παραλιπόντωνοῦν

252 1511 317 1576 τῶν
337 1509 508 1601 προτέρων
527 1503 739 1602 oiaepeuiapcoo
756 1507 796 1580 τό
817 1514 896 1606 περὶ
916 1515 978 1605 τῆς
996 1513 1216 1600 νομοθεσίας,
1239 1506 1359 1592 οὖιούς

254 1610 510 1707 &multitudino
529 1619 653 1706 μᾶλλον
672 1618 803 1706 βέλτιον
823 1621 912 1701 ἴσως.

755 1812 785 1883 9.
808 1810 857 1872 13.

166 2005 172 2018 Ι
271 1937 314 1990 na
330 1939 438 1992 verbis:
455 1936 639 2006 ἓπιοκέψοοθαι
655 1939 752 2006 μᾶλλον
768 1941 868 2003 βέλτιον
881 1940 937 1996 ἴσως
954 1942 995 1992 aci
1009 1934 1070 1997 ὅλως
1087 1935 1118 2005 dn*
1133 1942 1191 2008 περὶ
1206 1927 1340 1997 cubadus.

324 2079 438 2140 Altero
458 2079 533 2140 tooo
555 2079 656 2142 eisin
678 2079 786 2159 rebor,
808 2079 923 2163 quibua
945 2079 985 2144 ad
1002 2079 1096 2144 duem
1116 2075 1356 2168 τῆςπολιτικῆς

254 2181 469 2265 perducimur,
491 2183 679 2246 nominanda
701 2193 753 2247 eet
768 2186 875 2250 civilio
893 2190 1103 2252 communitas
1119 2209 1151 2252 v.
1163 2189 1354 2272 respublica.

253 2293 340 2356 Nam
365 2293 499 2358 virtutes
521 2297 679 2376 morales,
707 2295 851 2379 legitima
871 2297 1063 2360 educatione
1086 2307 1200 2376 uotae,
1222 2299 1356 2362 exerci-

254 2405 377 2466 tatione
399 2411 513 2465 auctas
535 2423 630 2466 nemo
652 2409 758 2466 tamen
791 2405 896 2468 colere
924 2415 958 2468 et
979 2414 1013 2468 ut
1034 2405 1078 2469 ita
1100 2405 1203 2470 dicam
1226 2401 1356 2468 effluere

256 2523 377 2596 potest,
399 2515 458 2576 aiei
480 2516 510 2577 in
532 2516 666 2577 civitate
687 2516 777 2577 vivat
798 2517 1053 2597 coniunctueque
1074 2535 1144 2580 cum
1166 2511 1291 2579 civibus
1311 2515 1353 2576 sit

260 2607 426 2704 αὐτάρκης
446 2621 505 2694 (cl.
528 2623 556 2693 §.
575 2621 668 2692 ddi).
722 2620 772 2682 Dc
803 2621 964 2700 republica
985 2618 1081 2703 igitur
1102 2618 1355 2700 exspectandum

257 2733 308 2787 cot
336 2721 542 2786 Aristotelem
570 2725 805 2806 expositurum,
839 2734 870 2786 et
905 2743 1001 2806 quum
1031 2725 1122 2786 ciues
1157 2725 1216 2786 nisi
1251 2725 1354 2788 bouao

257 2835 452 2918 reipublicae
480 2852 542 2897 non
569 2835 633 2897 aiot
662 2833 755 2914 boui,
783 2832 823 2895 de
850 2835 932 2896 bona
962 2848 995 2894 r.
1024 2832 1065 2896 de
1091 2832 1218 2914 optima.
1261 2829 1355 2912 Quae

257 2944 463 3029 exspectatio
475 2957 514 3008 co
529 2963 656 3027 quoque
671 2941 883 3020 confirmatur,
897 2943 980 3026 quod
996 2941 1036 3007 de
1051 2943 1178 3026 legibus
1193 2960 1356 3026 exponere

258 3057 434 3120 constituit.
477 3057 692 3129 bocusenim
715 3048 756 3117 dc
777 3054 902 3136 legibue
932 3054 977 3116 ita
1003 3069 1075 3116 oum
1105 3053 1292 3136 quaestione
1314 3049 1356 3112 do

256 3163 420 3244 republica
441 3163 624 3226 coniunctus
646 3170 709 3242 eat,
729 3169 764 3224 ut
785 3161 913 3225 tractari
933 3162 1018 3224 uullo
1039 3161 1133 3224 modo
1155 3165 1272 3243 possit,
1293 3157 1355 3221 oiol

256 3273 352 3334 etiam
379 3271 420 3333 dc
447 3270 608 3352 republica
638 3280 672 3333 et
697 3263 738 3332 de
767 3269 1005 3354 magistratibus
1036 3269 1208 3341 dicaturil.
1261 3266 1355 3329 llaec

259 3399 301 3441 ex
329 3380 374 3441 roi
404 3389 535 3460 natura3
570 3384 633 3444 iam
672 3377 839 3446 audiamus
875 3381 1094 3464 philosophum
1123 3385 1236 3464 ipsum.
1286 3379 1357 3441 Lc-

257 3487 423 3571 guinione,
445 3488 500 3570 ait,
523 3507 606 3571 quae
626 3491 671 3553 sit
690 3505 766 3571 paro
777 3485 837 3574 τῆς
847 3483 1030 3573 oblectaris,
1043 3489 1133 3552 cuiue
1151 3487 1242 3568 quasi
1254 3505 1354 3570 opera

258 3595 325 3655 aiut
348 3592 453 3675 leges,
474 3592 629 3656 docenda
643 3603 695 3656 eat
708 3611 728 3655 a
742 3595 888 3675 politicis.
912 3593 980 3658 Sed
994 3601 1110 3672 artem,
1133 3610 1228 3674 quum
1251 3593 1280 3655 ei
1303 3593 1355 3676 qui

258 3699 440 3764 lectitarent
460 3701 578 3784 politici
606 3701 875 3783 contraderent,
905 3701 959 3782 qui
986 3707 1092 3762 autem
1121 3699 1357 3783 profiterentur,

261 3861 539 3878 m

277 3959 308 4019 1)
325 3959 385 4015 litb.
402 3958 461 4010 Nic.
478 3961 510 4010 x.
530 3959 575 4012 to.
747 3959 780 4018 8)
797 3957 860 4009 ibid.
878 3960 911 4014 x.
929 3958 955 4011 7.

275 4061 308 4118 8)
326 4057 468 4108 Praeclare
485 4056 541 4110 cio.
558 4055 590 4108 de
606 4057 680 4122 legg.
698 4050 740 4104 lll.
760 4055 784 4105 1.
818 4055 876 4121 „Ut
893 4049 962 4105 enlm
979 4047 1181 4117 magistratibus
1198 4043 1294 4117 lagen,
1318 4051 1356 4100 ita

326 4149 430 4214 populo
454 4154 585 4214 praesunt
609 4148 801 4213 magistratus}
831 4154 949 4208 vereque
976 4142 1027 4194 dicl
1052 4147 1142 4207 puteat
1168 4139 1356 4208 magistratum

325 4243 416 4309 legem
434 4251 496 4295 ecoe
511 4243 675 4309 loquenten,
691 4241 778 4306 legem
795 4241 885 4291 autera
904 4241 1005 4289 tautum
1024 4231 1246 4302 mutuatum&
