3124 4918
690 287 898 358 ...20-

243 489 332 546 recta
350 481 527 546 laciendum
550 501 643 564 quam
665 482 788 544 rationo
806 479 1016 564 impelluntur.
1058 479 1214 542 Homines
1234 487 1339 543 autam

244 597 279 652 nt
300 598 415 671 sponte
437 597 491 652 aul
514 590 609 652 etiam
632 589 722 652 inviti
743 597 968 672 recteagunt,
992 589 1085 652 aliter
1106 587 1176 652 lieri
1196 609 1258 652 non
1279 609 1341 672 po·

244 673 319 778 test,
341 697 401 759 nisi
423 699 521 760 vitam
545 696 665 780 degant
685 695 858 759 secundum
880 704 1018 758 merrtem
1038 695 1194 778 quandam
1217 680 1340 758 consti-

248 791 463 881 tutionemque
485 809 605 864 rectam
637 809 669 862 et
692 801 724 862 vi
751 791 920 865 valentem.
949 787 1132 882 (βιοῦμενοι
1156 789 1240 864 notui
1266 789 1343 864 ’τινα

242 905 316 972 νοῦν
336 905 392 971 καὶ
412 895 506 986 τοίξιν
529 897 646 996 ὀρθήν,
668 899 804 988 ἔχουσαν
827 895 926 987 ἰσχία.

306 1015 434 1095 Quibus
455 1017 628 1080 rationibus
647 1027 816 1100 postquam
839 1017 932 1099 loges
954 1017 1044 1080 etad
1062 1035 1178 1099 pueros
1196 1014 1341 1078 educan-

242 1123 309 1190 rios¹
320 1135 352 1190 ct
370 1127 411 1190 a‘d
426 1135 524 1192 totam
542 1123 640 1190 vitum
652 1126 827 1211 regendam
842 1127 1043 1189 necessarias
1057 1123 1340 1206 esselcomproba-

241 1233 308 1300 vit:
343 1227 512 1298 revertitur
538 1234 579 1297 ad
609 1238 731 1315 primae
762 1237 876 1298 aetatis
908 1235 1161 1313 institutionem,
1194 1250 1276 1313 queo
1310 1229 1341 1290 si

242 1333 419 1404 cummonis
445 1344 489 1403 sit
516 1351 650 1424 quantas
672 1341 791 1405 afferat
808 1343 978 1417 utilitates,
1007 1341 1145 1403 breviter
1167 1336 1262 1399 docet
1271 1380 1281 1417 ,
1306 1345 1340 1399 ut

240 1447 282 1511 ad
303 1447 459 1511 summam
475 1430 582 1510 statim
593 1450 810 1532 quaestionem
824 1449 1052 1532 progrediatur.
1076 1449 1135 1510 list
1150 1465 1230 1508 vero
1240 1444 1343 1508 boec:-

240 1558 329 1617 απελτ
349 1559 423 1637 quie
443 1561 503 1616 out
521 1555 672 1635 quomodo
693 1558 793 1617 donae
815 1559 929 1617 eradat
947 1557 1162 1633 legumlator?
1184 1553 1246 1617 Cui
1264 1539 1339 1636 qui-

239 1661 311 1725 dem
324 1661 518 1744 respondere
530 1663 708 1743 quaestioni
729 1680 790 1724 non
804 1661 928 1725 videtur
946 1661 1084 1725 difficile.
1108 1663 1193 1724 Nam
1205 1662 1335 1744 legum·

239 1774 326 1850 latio,
349 1781 384 1836 ut
405 1790 481 1854 pars
501 1767 561 1856 τῆς
580 1766 750 1856 πολιτικῆς
769 1758 947 1851 δυνάμεως,
970 1770 1009 1833 ab
1031 1770 1078 1831 eis
1108 1767 1260 1830 discenda
1288 1773 1339 1828 ost

239 1882 291 1963 qui
313 1880 461 1963 politicen
484 1879 641 1944 iactitant.
686 1879 730 1941 At
751 1894 791 1942 ea
813 1897 850 1941 se
874 1896 926 1940 res
951 1879 1042 1939 aliter
1062 1876 1181 1938 habore
1199 1875 1336 1936 videtur.

238 1989 323 2051 Nam
339 1987 453 2068 politici
468 1987 520 2068 qui
541 1995 642 2048 artem
658 1985 854 2065 factitarunt,
877 1994 913 2046 ut
933 1983 973 2045 ad
996 2003 1067 2046 eam
1089 1985 1151 2064 ipsi
1178 2003 1238 2046 nou
1255 1983 1338 2044 doc-

237 2095 318 2160 trina'
339 2097 475 2167 institntl
497 2107 588 2178 suut,
619 2095 677 2158 sed
699 2097 916 2177 experientia3
944 2094 987 2156 ita
1009 2111 1112 2175 noque
1127 2093 1197 2154 aliis
1215 2089 1337 2155 doctri-

239 2221 311 2266 nam
335 2201 531 2266 tradiderunt
552 2201 806 2284 necquidquam
839 2221 880 2265 aa
902 2201 943 2264 do
963 2221 998 2263 ro
1019 2201 1170 2284 scripturn
1195 2201 1334 2282 relique·

238 2308 320 2374 r'unt.
344 2311 464 2375 Contra
479 2313 626 2394 politicen
642 2316 697 2395 qui
712 2311 901 2394 profitentur
915 2309 1102 2390 doctrinam,
1117 2329 1225 2372 eorum
1242 2324 1336 2370 nemo

237 2427 338 2482 artem
359 2422 462 2502 ipsam
486 2420 595 2484 elficit.
639 2419 811 2485 Praeterea
832 2439 892 2483 neo
912 2421 1015 2504 qualis
1038 2421 1082 2482 sit
1096 2437 1160 2490 ars,
1184 2418 1337 2500 explora-r

238 2535 303 2590 turn
322 2527 454 2608 habent,
471 2549 531 2592 nco
547 2530 661 2611 quibus
674 2529 704 2590 in
720 2529 817 2591 robus
831 2537 987 2592 versetur.
1012 2529 1138 2589 Etenim
1155 2526 1338 2587 existimant

238 2635 371 2698 eandem
395 2655 470 2700 esse
490 2638 638 2718 politicen
661 2655 729 2699 ourn
751 2637 909 2700 rhetorice
932 2638 986 2698 vel
1003 2637 1110 2714 potius
1132 2635 1342 2696 humiliorem·

237 2744 355 2824 Neque
377 2744 577 2826 leges'lcrre
597 2743 727 2806 dillicile
749 2743 893 2824 essaei,
924 2743 977 2824 qui
1004 2743 1140 2823 optimas
1162 2742 1336 2825 collegerit.

239 2848 340 2928 Quasi
358 2849 404 2912 'ad
426 2849 611 2934 seligendus
634 2851 726 2934 loges
748 2851 886 2933 optimas
904 2853 992 2914 nullo
1022 2869 1104 2934 opus
1133 2852 1178 2914 sit
1200 2849 1341 2930 judicio,

238 2960 324 3042 quod
345 2963 473 3044 praeter
494 2981 566 3025 curn
583 2966 637 3046 qni
648 2951 818 3046 πολιτικήν
830 2961 944 3026 dootns
957 2971 1018 3043 ost,
1031 2983 1123 3026 namo
1137 2962 1256 3025 habere
1273 2979 1337 3043 po-

237 3075 330 3129 test.=
353 3068 518 3131 Eiusmodi
540 3068 646 3151 logurn
670 3070 905 3153 formarumque
922 3069 1113 3152 reipublicae
1127 3070 1335 3140 collectiones

237 3175 394 3257 quandam
417 3178 583 3240 utilitatem
607 3177 731 3259 quidem
745 3177 1033 3263 afferuuteruditis,
1056 3181 1219 3244 ineruditis
1242 3199 1336 3262 pror-

237 3291 295 3341 sus
316 3279 443 3342 nullam.
487 3282 553 3342 lam
576 3281 721 3363 sequitur
742 3284 924 3352 Aristotelis
946 3287 1158 3367 propositum3
1187 3287 1238 3348 his
1261 3287 1335 3368 qui·

237 3386 308 3449 dem
332 3387 454 3453 verbine
494 3380 762 3473 ssopcltruo'uaroo
775 3377 831 3452 οὖν
849 3387 915 3454 τῶν
934 3389 1104 3479 προτέρων
1124 3381 1336 3478 οἷνερεύνητον

236 3481 275 3554 τὸ
295 3488 452 3578 περὶτῆς
472 3490 689 3576 νομοθεσίας,
709 3485 827 3572 αὐτοῦς
838 3492 1103 3587 ἐπισκέψασθαι
1113 3496 1238 3581 μᾶλλον
1256 3495 1334 3581 βέλ-

235 3595 305 3662 τιον
326 3595 416 3678 ἴσως,
437 3596 491 3664 καί
512 3591 596 3677 ὅλως
617 3592 659 3687 δή
682 3599 975 3691 περί-πολιτείας,
1003 3595 1096 3681 ὅπως
1122 3601 1171 3682 εἰς
1199 3595 1335 3689 δύναμιν

236 3696 358 3794 ἤπερί
378 3698 420 3771 τοὶ
441 3697 636 3795 ἀνθρώπινα
657 3706 839 3796 φιλοσοφία
856 3708 1030 3798 τελειωθῇ.
1051 3710 1190 3800 Πρῶτον
1196 3711 1257 3796 μὲν
1278 3703 1344 3781 οὖν·

238 3811 271 3874 εἲ
292 3831 325 3875 τι
346 3806 430 3879 κατα
452 3815 551 3902 μέρος
561 3814 691 3904 εἴρηται
706 3814 813 3893 καλῶς
826 3809 893 3883 ὑπὸ
905 3817 969 3884 τῶν
978 3819 1241 3910 προγενεστέρων
1259 3843 1335 3888 πει-

236 3917 394 4008 poculum
414 3919 583 4003 laetatio,
607 3916 680 3989 εἶτα
700 3919 821 3990 ἐντῶν
838 3925 1047 4013 συνηγμένων·
1060 3928 1334 3996 autoramento-

237 4025 336 4115 ρῆσαι
354 4019 398 4094 τοὶ
417 4034 500 4094 ποῖα
519 4019 620 4110 σώζει
641 4029 697 4096 καί
716 4029 857 4120 φθείρει
881 4027 942 4112 τοὶς
964 4026 1080 4113 πόλεις
1100 4035 1155 4103 καί
1181 4029 1224 4104 τοί
1249 4041 1334 4104 ποῖα

236 4126 376 4214 ἑκάστας
396 4137 460 4203 τῶν
477 4138 670 4222 πολιτειῶν,
702 4137 757 4206 καί
777 4133 840 4207 διαί
853 4136 944 4219 τίνας
963 4138 1072 4222 αἰτίας
1091 4139 1128 4212 αί
1146 4143 1206 4230 μὲν
1227 4143 1334 4224 καλῶς
