3124 4918
670 355 879 422 ..¹7-

215 539 424 622 Voluptatem
442 539 524 604 enim
540 546 574 602 et
589 537 745 622 dolorem,
767 537 883 622 quibus
903 546 1057 620 regantur
1076 537 1228 616 infantes,
1250 546 1316 602 tum

216 646 257 708 ad
270 645 489 711 educationem
500 649 669 728 pertinere,
686 655 751 710 turo
763 645 804 710 ad
822 646 972 710 virtutem
984 646 1135 710 moralem
1153 646 1318 726 vitamque

216 751 353 828 beatam,
365 769 458 832 quum
469 753 561 814 iustis
574 752 616 814 de
629 751 726 814 rebus
739 751 884 836 gaudere
895 761 950 814 aut
965 750 1071 814 dolere
1084 749 1171 812 haud
1179 751 1271 831 parvi
1285 753 1317 812 in

216 865 283 920 tota
299 859 365 938 vita
380 861 529 922 momenti
544 862 596 922 sit
624 863 690 922 lam
707 879 787 922 vero
802 879 912 922 eorum
929 877 1011 941 quae
1028 857 1069 919 de
1084 858 1251 939 voiuptate
1266 857 1317 918 di·

216 965 270 1044 cit,
292 982 448 1028 summam
469 967 581 1048 paucis
602 967 862 1048 complectamur.
891 965 1044 1045 Explosis
1065 966 1161 1047 igitur
1182 966 1315 1030 aliorum

213 1075 396 1152 sententiis,
421 1073 546 1136 ineundi
569 1082 604 1134 et
624 1074 777 1154 originem
800 1074 1001 1154 persequitur
1024 1079 1058 1134 et
1077 1091 1210 1154 genera.
1238 1072 1314 1134 Vo-

212 1177 320 1259 luptas
342 1180 494 1262 originem
516 1199 559 1242 ex
579 1173 727 1264 ε’νεργείᾳ
748 1180 848 1262 ducit3
871 1183 901 1244 in
923 1201 963 1244 ea
980 1183 1064 1242 enirn
1087 1181 1170 1242 inest
1181 1200 1316 1264 eamque

212 1282 280 1350 dnit
290 1294 322 1349 et
332 1287 575 1369 consequitur1).
594 1273 773 1372 Ἐνέργειαι
783 1297 890 1353 autem
903 1309 998 1371 quum
1010 1291 1119 1370 specie
1130 1283 1247 1364 (ridet)
1259 1289 1313 1350 in-

213 1403 262 1458 ter
272 1413 311 1458 se
321 1396 471 1460 diversae
481 1399 557 1480 sint,
570 1400 756 1480 voluptates
769 1401 863 1464 etiam
876 1417 1040 1482 quaecum
1053 1401 1112 1462 iilis
1123 1399 1312 1463 coniunctae

212 1512 305 1588 sunt,
327 1523 463 1568 necesse
485 1514 536 1568 est
555 1507 665 1588 specie
690 1507 772 1570 inter
797 1526 835 1571 eo
859 1507 987 1570 differre
996 1511 1035 1580 Ἰ).
1078 1505 1173 1586 Quod
1198 1526 1314 1570 verum

213 1629 289 1672 osse
310 1611 421 1673 videre
443 1612 517 1674 licet
537 1632 579 1674 ex
601 1631 651 1694 eo,
674 1614 758 1695 quod
775 1609 920 1700 ἐνέργεια
938 1618 1066 1696 propriu
1089 1623 1122 1678 et
1136 1632 1315 1696 suaquae-,

213 1737 276 1800 que
297 1719 419 1782 laetitia
439 1729 591 1802 augetur,
615 1721 719 1784 aliena
740 1741 820 1784 vero
842 1723 1079 1802 intercedente,
1104 1721 1252 1784 minuitur
1273 1737 1315 1784 ac

217 1827 434 1909 depravetur,
467 1828 615 1898 Effectus
641 1839 747 1894 autern
780 1831 846 1903 (sic
872 1830 998 1910 appello
1027 1821 1205 1912 ἐνεργείας)
1234 1829 1316 1902 inter

212 1953 250 1998 se
269 1936 313 1998 ita
335 1935 527 2018 discrepant,
550 1945 584 2000 ut
605 1937 657 2000 alii
679 1937 769 2018 probi
791 1939 868 2018 rint,
890 1936 1022 2016 improbi
1051 1937 1103 1998 aiii
1130 1953 1170 1998 ac
1194 1943 1314 2017 turpes.

212 2042 305 2110 Unde
326 2049 487 2128 sequitur,
510 2056 543 2109 ut
565 2049 659 2108 etiam
681 2048 880 2126 voluptatum
905 2044 987 2106 aliae
1008 2046 1072 2106 siut
1093 2043 1210 2124 bonae,
1232 2042 1315 2106 aliae

212 2161 320 2235 turpes
342 2172 382 2215 ac
403 2153 641 2235 vituperandae.
690 2155 793 2216 Suum
821 2160 927 2216 autern
959 2149 1114 2234 cuiusque
1142 2150 1311 2214 animantis

210 2271 304 2333 quum
328 2272 410 2334 opus
430 2255 471 2318 sit
492 2272 615 2335 suaque
632 2249 789 2340 ἐνέργεια,
808 2266 1058 2320 consentaneum
1082 2267 1133 2320 est
1154 2257 1311 2342 propriam

210 2367 244 2420 et
264 2377 356 2420 suam
378 2359 494 2440 cuique
514 2361 722 2424 animantium
744 2355 891 2445 ἐνεργείᾳ
911 2380 987 2424 esse
1009 2365 1217 2442 voluptatem.
1258 2365 1311 2426 Ex

211 2485 273 2548 quo
291 2467 484 2548 perspicitur
504 2487 567 2530 non
582 2467 661 2532 alias
676 2467 794 2530 homini
804 2487 880 2531 esse
891 2487 988 2531 veras
1004 2469 1200 2550 voluptates,
1216 2489 1310 2554 quam

209 2591 293 2656 quae
321 2573 391 2637 eius
416 2593 460 2637 ex
485 2594 583 2657 opere
611 2585 709 2658 atque
738 2576 856 2642 effectu
884 2577 907 2644 i.
930 2597 959 2639 o.
980 2597 1023 2640 ex
1044 2578 1138 2640 animi
1160 2569 1308 2662 ἐνεργείᾳ

209 2679 383 2746 secundum
410 2681 559 2746 virtutem
590 2695 761 2750 nascantur
788 2704 923 2770 eamque
952 2691 1047 2771 quasi
1075 2695 1310 2771 prosequantur

209 2805 250 2852 ac
268 2789 378 2852 tinient
388 2787 431 2866 θ).

292 2898 398 2962 li’iuita
424 2897 464 2962 de
490 2897 628 2962 iucundo
656 2901 922 2983 investigatione,
954 2901 1012 2964 tria
1039 2901 1091 2964 iiia
1117 2902 1312 2964 Aristoteles

209 3002 382 3084 explicavit
403 3001 499 3086 bona,
522 3005 691 3068 honesturn
708 2992 902 3088 (odontitis),
923 3007 955 3068 id
976 3007 1062 3088 quod
1084 3006 1235 3069 conducit
1256 2995 1311 3078 (cd

209 3105 404 3197 συμφέρον),
427 3112 596 3176 iucundum
618 3100 675 3193 (τό
695 3101 788 3197 ἡδύ).
842 3117 954 3197 itaque
977 3114 1005 3176 ei
1027 3112 1102 3176 nihil
1125 3112 1207 3176 aliud
1230 3114 1309 3176 reti-

209 3237 306 3302 quum
329 3228 393 3301 est,
414 3239 508 3304 quam
530 3229 564 3284 ut
581 3230 759 3285 revertatur
773 3221 812 3286 ad
826 3220 1065 3300 beatitudinem,
1087 3239 1169 3302 quae
1184 3219 1312 3302 signiti-

209 3334 283 3390 cata
304 3327 430 3408 quidem
452 3337 557 3412 antea,
579 3327 638 3392 sed
660 3329 830 3394 virtutibus
852 3327 990 3392 nondum
1008 3327 1133 3410 divisis,
1156 3336 1309 3392 accurate

209 3435 364 3519 cognosci
385 3454 447 3498 non
468 3436 579 3518 potnit.

643 3590 646 3596 ·
746 3577 790 3634 Vi
959 3625 961 3630 .

449 3675 499 3726 Do
524 3673 771 3726 heatitudine
798 3666 1064 3743 (εὖδαιιιονίᾳ).

730 3793 810 3869 §.8

291 3904 398 3983 Quum
420 3906 461 3970 ab
482 3903 568 3969 initio
589 3901 753 3976 beatitudo
781 3902 827 3966 ita
854 3901 1122 3981 constitueretur,
1154 3906 1190 3962 ut
1219 3907 1309 3962 esset

207 4016 308 4094 animi¹
325 4009 469 4099 ἐνέργεια
489 4002 663 4078 seeundum
684 4015 848 4092 virtutem,
867 4028 909 4073 ac
928 4008 957 4071 si
977 4009 1082 4091 piures
1099 4007 1234 4070 virtutes
1251 4023 1308 4069 ea-

225 4224 257 4284 r)
274 4225 335 4275 nu.
353 4221 412 4273 nte
429 4223 463 4271 x„
481 4222 508 4271 a.
649 4219 681 4278 a)
700 4219 762 4272 reru.
780 4218 813 4268 x.
830 4218 859 4267 a.
991 4219 1024 4274 a)
1042 4215 1102 4266 ratu.
1120 4219 1148 4266 a.
1165 4215 1194 4268 4.
1211 4219 1239 4266 o.

995 4305 1059 4367 '8
