3124 4918
247 541 397 604 mulieres
418 537 584 600 liberorum
606 543 682 600 suat
700 533 829 602 dimidia
851 551 943 616 μσς
965 553 1008 598 ex
1029 532 1236 616 pueris'vero
1255 552 1340 598 eva·

245 646 338 726 dent,
366 646 418 729 qui
443 643 637 727 reipublicae
664 645 838 726 participes
867 642 963 708 loturi
989 650 1075 706 sunt.
1127 643 1239 725 ltaque
1268 641 1340 704 irtio

245 754 305 832 [de
328 751 453 831 servis)
478 753 651 836 expositis,
681 753 800 835 reliqua
823 750 961 815 dicenda
987 757 1064 812 aunt
1083 750 1116 814 iu
1135 749 1207 814 aliis
1227 749 1339 830 cirpe-

244 861 423 924 talionibus.
446 861 517 922 llas
527 859 625 941 igitur
646 859 852 941 quaestiones
874 859 966 940 quasi
987 857 1028 920 ad
1049 857 1145 920 linear
1166 856 1341 939 perductus

243 969 458 1050 relinquentes
467 981 655 1046 novumque
669 965 828 1028 indoctos
850 964 980 1043 initium,
1003 967 1137 1044 primunr
1159 963 1200 1028 de
1218 964 1266 1028 eis
1286 962 1339 1026 di·

242 1095 374 1158 cenrue,
401 1078 457 1159 qui
484 1077 525 1142 dc
551 1076 713 1158 republica
737 1077 937 1156 scripserunt
957 1073 1106 1154 optirna“
1149 1073 1276 1153 Quibus
1298 1090 1340 1134 ex

243 1186 351 1247 uerbis
372 1192 520 1266 apparet,
546 1201 603 1246 cur
620 1191 698 1264 apte
720 1183 788 1245 lieri
809 1201 871 1244 non
894 1183 1050 1263 potuerit,
1072 1201 1167 1262 quum
1193 1180 1234 1242 do
1261 1197 1338 1244 ser-

241 1311 356 1356 vorum
379 1293 545 1356 curatione
566 1291 783 1374 dixisset,.ut
804 1291 879 1354 item
902 1290 943 1354 de
965 1290 1147 1354 mulieribus
1168 1289 1339 1370 liberisque

242 1403 392 1467 curandis
414 1404 600 1486 disputaret.
642 1402 766 1465 Etenim
789 1401 890 1480 servi,
913 1399 1047 1481 quinon
1069 1396 1261 1478 reipublicae
1277 1393 1338 1458 aed

241 1510 389 1574 berorum
411 1512 503 1593 quasi
527 1509 684 1594 quaedam
707 1517 816 1590 partes
837 1515 924 1586 sunt,
946 1506 1034 1568 heris
1053 1505 1095 1568 ad
1114 1506 1263 1596 virtutem
1283 1504 1335 1568 in·

240 1617 395 1679 lormami
418 1627 510 1678 sunt:
533 1626 566 1680 at
588 1625 699 1678 contra
721 1633 841 1677 uxores
860 1622 893 1677 et
911 1614 1014 1695 pueri,
1033 1631 1128 1694 quum
1149 1613 1214 1675 sint
1231 1612 1334 1692 liberi,

241 1731 296 1786 ant
312 1734 391 1786 scot
421 1731 477 1786 aut
503 1721 581 1784 liant
607 1731 715 1804 partes
742 1722 955 1802 reipublicae..
993 1722 1105 1802 ltaque
1132 1720 1226 1782 cuius
1255 1720 1337 1784 socii

241 1836 387 1898 exstituri
414 1841 488 1896 eunt
518 1853 557 1903 ac
584 1834 778 1915 participes,
813 1832 916 1895 eidern
945 1831 1040 1896 etiarn
1067 1830 1227 1895 educandi
1250 1839 1335 1896 suot.

227 1942 443 2024 -Quapropter
465 1941 506 2004 de
527 1942 657 2004 liberum
681 1941 868 2005 educatione
890 1942 1075 2024 simpliciter
1096 1950 1172 2005 ante
1192 1939 1253 2006 dici
1274 1961 1335 2003 ne-

239 2054 318 2132 quit,
340 2067 433 2131 quam
456 2047 495 2110 de
519 2049 750 2129 rebuspublicis
765 2049 880 2113 dietum
896 2059 963 2130 est;
985 2067 1045 2113 nec
1063 2048 1105 2113 de
1119 2049 1335 2132 optimaedr-

238 2158 364 2220 catioue
385 2164 485 2236 ante,
515 2175 609 2238 quaro
632 2155 673 2217 de
694 2153 813 2237 optima
831 2156 1006 2238 republica.
1049 2158 1223 2222 Praeterea
1242 2153 1334 2222 locus

237 2263 279 2326 de
307 2264 492 2326 mulieribus
520 2262 696 2326 educandis
723 2264 854 2328 tractari
880 2283 942 2326 non
967 2274 1090 2345 potest,
1120 2265 1180 2328 nisi
1207 2272 1336 2328 constet

235 2370 332 2451 prius,
356 2379 388 2432 ot
410 2379 514 2432 utrum
537 2369 579 2430 ad
597 2369 811 2432 fortitudinem
840 2371 904 2432 sint
926 2371 1156 2454 militaremque
1182 2375 1333 2436 virtutem

236 2477 449 2556 exercendae,
462 2487 495 2542 et
505 2495 730 2540 communesne
741 2480 805 2540 sint
816 2477 982 2541 habendae
993 2497 1033 2540 ao
1043 2497 1105 2541 non
1115 2478 1188 2540 sint.
1211 2479 1335 2556 Quibus

234 2589 408 2652 rationibus
433 2596 613 2650 commotus
635 2586 829 2650 Aristoteles
854 2587 894 2650 de
916 2586 1080 2650 mulierum
1101 2605 1334 2670 puerorumque

238 2695 425 2760 educatione
443 2705 476 2760 et
492 2697 611 2760 virtute
625 2703 657 2758 et
675 2693 716 2758 de
733 2715 840 2759 eorum
855 2713 928 2760 oum
941 2695 1170 2778 patrefamilias
1191 2713 1333 2760 consue·

235 2805 346 2868 tudine
374 2821 413 2867 se
435 2807 658 2886 expositurum
694 2805 861 2886 pollicetur
893 2805 924 2868 in
954 2804 1024 2870 aliis
1053 2803 1333 2884 disputationibus.

237 2913 299 2976 Cui
320 2911 477 2992 prumiam
498 2930 574 2974 num
594 2912 626 2972 in
648 2912 696 2974 eis
718 2929 799 2990 quos
821 2910 917 2974 bodie
936 2910 1075 2993 legimus
1096 2911 1184 2975 libris
1208 2914 1249 2977 de
1277 2930 1334 2975 re-

236 3019 364 3101 publica
373 3017 577 3096 satinlecerit,
592 3017 622 3078 si
634 3018 780 3098 quaeris3
803 3016 833 3078 id
844 3035 968 3101 negare
983 3036 1044 3078 non
1056 3016 1180 3080 drrbitat
1192 3018 1335 3084 Schnei-

235 3125 342 3190 derus.
363 3123 473 3186 Verba
495 3123 564 3185 eius
584 3122 669 3184 baec
690 3125 812 3197 sunt¹)t
836 3125 892 3200 „ln
914 3123 963 3186 eis
978 3123 1078 3204 libris,
1093 3128 1148 3206 qui
1163 3123 1204 3189 de
1216 3126 1334 3210 optima

237 3231 429 3313 reipublicae
445 3229 549 3292 forma
567 3229 758 3312 tractabant,
779 3229 880 3292 voluit
898 3249 983 3311 opus
997 3231 1191 3313 propositum
1205 3235 1332 3316 exequi,

238 3338 321 3421 quod
341 3357 383 3401 ao
406 3339 521 3402 feeerit
535 3338 733 3422 ignoramua
756 3337 853 3404 Gerto
874 3341 967 3423 periit
986 3340 1067 3406 baec
1087 3342 1236 3406 librorum
1258 3361 1334 3424 pare

235 3457 397 3529 postrema
428 3465 534 3528 neque
564 3444 691 3512 alirmde
720 3445 868 3523 madium
890 3447 931 3511 do
951 3449 1132 3532 praeceptis
1155 3450 1333 3532 philosophi

236 3557 284 3618 eis
306 3556 336 3618 in
356 3555 448 3618 libris
469 3552 587 3638 aliquid
608 3555 820 3636 accommodi
864 3553 968 3634 Quam
987 3557 1182 3622 sententiam
1205 3567 1241 3622 ut
1260 3557 1333 3622 dis-

237 3665 378 3728 solueret
393 3660 665 3743 Goettlr'ugiusij,
684 3662 897 3744 „portinere“‚
917 3663 962 3726 ait
981 3662 1087 3741 „baec
1109 3666 1210 3736 cerba
1229 3665 1271 3730 ad
1291 3667 1334 3730 li-

235 3770 312 3834 bros
334 3773 408 3834 Vll.
428 3779 462 3832 et
484 3771 574 3834 Vlll.
601 3770 838 3834 Politicornm“.
887 3771 960 3837 Hoc
986 3780 1094 3853 recto3
1119 3772 1194 3836 illud
1222 3791 1333 3856 secus,

238 3873 322 3956 quod
343 3875 718 3942 insaturabilem
737 3896 772 3942 re
794 3877 857 3942 alia
877 3895 1057 3944 sermonem
1079 3895 1155 3942 esse
1172 3878 1334 3944 contendit

251 4137 284 4196 1)
301 4148 327 4187 a.
347 4150 373 4189 v.
392 4131 510 4186 innitor
526 4135 554 4186 ln
569 4119 632 4188 libri
649 4138 686 4189 ll.
703 4149 763 4202 cap.
781 4137 886 4189 ultimo.

246 4227 282 4287 2)
300 4228 335 4280 cl.
352 4227 480 4292 Spengel.
499 4227 601 4288 weber
617 4229 662 4280 die
676 4228 780 4282 veliti:
798 4232 844 4282 dea
861 4230 943 4284 Arist.
961 4243 1025 4288 unc.
1046 4229 1114 4290 lb).
