3118 4914
228 522 270 593 eir
309 539 376 586 rem
414 519 534 590 musion
580 529 631 584 est
661 518 842 598 trudanda,
886 537 941 588 our
970 518 1097 584 taudem
1130 520 1267 582 iuvenes
1298 520 1327 581 io

226 648 266 692 en
306 629 367 711 ipsi
395 637 522 710 tompus
560 622 781 692 eorrsumsut‘t’
832 629 901 692 iem
922 627 1018 708 igitru
1046 645 1116 689 esnr
1152 628 1224 688 usui
1255 643 1330 690 esse

225 737 300 800 dioit
327 747 361 800 et
387 739 418 800 in
448 737 522 800 iudo
545 744 577 800 et
600 735 631 800 iu
652 729 805 818 διαγωγῇ.
850 733 941 814 Quae
965 753 1060 815 quum
1076 735 1170 796 etiem
1186 733 1227 795 nd
1242 719 1329 816 ἦθος

227 843 324 905 enimi
346 839 606 904 ooniormuudum
628 841 747 922 voleat,
772 841 812 902 nd
833 841 1053 906 educationem
1075 841 1254 904 adhibendo
1268 850 1329 906 est.

226 952 292 1014 lem
316 957 422 1016 nutem
445 949 553 1029 eapite
576 947 632 1008 Vi.
654 947 830 1012 eruendum
862 967 937 1012 esse
963 950 1013 1012 nit
1048 949 1220 1012 iuvenibus
1251 949 1329 1028 ipsis

228 1055 492 1136 tractandumque
512 1061 613 1120 ortem
638 1054 805 1131 musinium,
828 1055 900 1135 quis
919 1053 950 1118 id
970 1055 1031 1118 uisi
1045 1055 1190 1133 ieeeriot,
1212 1074 1253 1117 ox
1267 1072 1329 1115 nu·

229 1163 345 1232 diendo
367 1163 503 1228 irnotum
515 1165 696 1242 percepturi
727 1162 789 1228 siut
810 1162 937 1226 nulium.
981 1163 1076 1228 Pueri
1091 1172 1197 1225 tomen
1214 1147 1330 1240 nedd-

228 1287 341 1336 roooot
356 1270 539 1347 redduntur,
550 1269 669 1353 defluit,
686 1281 844 1354 quotenus
859 1274 903 1336 sit
915 1275 1039 1338 musice
1050 1273 1214 1354 tredendo,
1225 1291 1329 1353 quse·-

227 1401 289 1464 que
309 1383 516 1448 instrumento
534 1380 727 1446 adhibenda.

233 1545 238 1554 .
310 1489 458 1572 Denique
480 1489 621 1570 quaerit,
644 1487 685 1551 ed
708 1487 900 1553 erudiendos
921 1489 1148 1554 nduiosoeutos
1171 1509 1326 1574 quaenam

229 1605 304 1678 epto
326 1597 388 1658 sint
411 1595 608 1674 hermoniae,
631 1596 724 1667 modi,
750 1597 899 1660 onrmiun.
942 1599 1113 1662 Postremo
1132 1597 1222 1680 dues,
1246 1613 1329 1682 quus

229 1706 259 1771 iu
286 1704 401 1768 Poiitie
428 1705 593 1784 proposuit
635 1704 741 1782 Pluto,
777 1704 952 1768 sententies
982 1705 1148 1788 improbet.
1190 1710 1329 1770 Primum

231 1811 314 1884 euim
334 1811 388 1874 iiie
405 1809 545 1876 doricum
569 1818 600 1874 et
621 1809 788 1891 phrygium
809 1809 1086 1877 hrrmminmcani
1107 1815 1206 1896 iubet,
1223 1815 1329 1878 tibiam

173 1982 180 1988 .
228 1929 334 1985 eutem
357 1917 497 1982 adhiberi
519 1925 619 1992 vetut.
641 1917 734 1996 Quod
751 1917 878 1999 quidem
905 1921 1149 2000 vituperandum
1173 1932 1234 2002 est,
1256 1922 1330 2004 quis

228 2027 304 2092 tibin
331 2027 413 2090 idem
440 2027 528 2091 vetet
557 2025 703 2106 idemque
733 2024 831 2090 efiioit
844 2069 855 2107 ,
890 2025 973 2107 quod
994 2028 1159 2090 harmonio
1182 2029 1329 2110 phrygio.

227 2135 352 2202 Deinde
374 2133 456 2215 quod
483 2137 637 2198 remissos
658 2121 862 2211 (ἀνειμένας)
877 2133 969 2196 Pisto
986 2135 1331 2211 reiecerithnrmonios‚

226 2241 436 2324 reprehendit.
481 2240 586 2319 Quum
608 2247 716 2304 eutem
737 2239 799 2306 ism
816 2257 918 2320 supro
939 2240 1079 2324 dixerit,
1108 2243 1139 2304 in
1152 2242 1329 2306 eduoeodis

229 2349 488 2418 adnleseentibus
501 2346 711 2430 spondendum
732 2365 809 2412 esse
821 2358 854 2412 et
874 2347 947 2431 quid
965 2349 1034 2414 fieri
1045 2351 1148 2431 possit
1160 2339 1331 2429 (δυνατόν)

228 2469 261 2526 et
289 2457 365 2541 qnid
402 2456 518 2522 deoeet
551 2451 727 2540 (πρέπον),
764 2465 862 2524 totam
892 2457 1139 2537 disputationem
1169 2460 1221 2524 his
1250 2477 1331 2522 eon·

227 2563 324 2628 eludit
354 2563 481 2626 verbis:
509 2549 579 2622 ”Eu
606 2556 671 2622 d’e‘e'
698 2555 750 2632 τίς
778 2554 848 2622 ἐστι
875 2551 1010 2646 τοιαύτη
1038 2560 1102 2625 ταῖν
1129 2555 1334 2651 ἀρμονιῶνῆ

226 2666 350 2756 πρέπει
376 2667 418 2755 τῇ
447 2666 512 2734 τῶν
532 2663 662 2736 παίδων
687 2657 799 2753 ἡλικίᾳ
821 2657 877 2730 δια
907 2658 946 2733 τὸ
967 2657 1133 2734 δύνασθαι
1160 2660 1281 2753 κόσμον
1301 2678 1329 2736 α’

227 2771 312 2857 ἔχειν
333 2767 402 2860 ἅμα
423 2773 478 2843 καὶ
498 2770 665 2859 παιδείαν,
688 2763 758 2846 οἷον
778 2765 800 2860 q‘
821 2771 950 2840 λυδιστὶ
961 2771 1114 2862 φαίνεται
1124 2779 1332 2847 πεπονθέναι
1404 2776 1406 2780 ’

226 2875 370 2969 μάλιστα
382 2883 447 2951 τῶν
461 2875 634 2972 eippoeniv,
647 2881 745 2971 δῆλον
756 2878 808 2952 ὅτι
819 2873 955 2961 τούτους
967 2876 1064 2978 ὅρους
1076 2890 1169 2975 τρεῖς
1178 2887 1332 2977 ποιητέον

227 2987 277 3070 εἰς
296 2983 355 3081 τήν
370 2989 539 3077 παιδείαν,
559 2981 598 3058 τό
620 3015 658 3062 re
679 2991 780 3076 μέσον
802 2992 857 3064 καὶ
876 2986 916 3064 τό
927 2987 1064 3062 δυνατὸν
1075 2988 1179 3090 noted
1191 2995 1330 3087 reprimor.

717 3196 746 3263 §-
769 3191 819 3256 56.

398 3316 1132 3384 Delibrorunrvii.etV111.integritste.
1213 3297 1218 3304 ’

309 3436 360 3496 De
382 3432 531 3503 librorum
556 3433 629 3497 VH.
653 3439 686 3492 et
708 3429 798 3492 Viil.
821 3431 1004 3513 integritate
1032 3429 1171 3490 dieturus
1191 3445 1254 3489 non
1270 3443 1328 3486 eo-

224 3563 305 3620 rum,
336 3544 390 3625 qui
411 3541 512 3603 verbo
533 3537 690 3622 quaedem
715 3548 771 3601 sut
793 3537 969 3616 enuntiate,
991 3535 1048 3597 sed
1067 3536 1118 3618 qui
1149 3537 1264 3596 multus
1298 3541 1331 3596 et

110 3651 112 3655 ⁴
230 3673 367 3738 mugnus
398 3662 508 3734 portes
543 3649 747 3731 disputationi
781 3647 822 3708 de
858 3646 976 3726 optime
1014 3643 1180 3723 repubiion
1217 3639 1333 3704 deesse

225 3770 385 3844 poterunt,
406 3761 585 3824 sententies
608 3757 795 3820 examinabo
818 3753 1179 3837 etquiuorniooidesint
1199 3754 1334 3834 quinon,

231 3870 362 3934 eiiieere
383 3867 530 3930 oonnbor.

308 3981 331 4039 1.
355 3974 447 4038 Prius
476 3983 582 4035 sutem
614 3989 707 4054 quem
738 3970 777 4034 od
807 3978 894 4033 totos
922 3969 1020 4031 libros
1039 3971 1253 4058 recedemus,
1290 3973 1331 4034 de

226 4087 341 4150 ultima
370 4103 454 4170 quoe
481 4081 522 4146 de
552 4083 675 4146 musioa
707 4093 760 4146 est
791 4103 899 4146 eorum
931 4091 1021 4170 porte
1043 4100 1242 4164 quaeremus,
1270 4101 1332 4164 quo

227 4196 406 4280 disputatio
436 4191 476 4256 de
508 4200 574 4255 toto
602 4195 646 4254 sit
675 4189 862 4274 expeditior.
905 4191 992 4255 iiiam
1019 4189 1116 4274 igitur
1140 4188 1334 4270 Coruingius
