<?xml version="1.0" encoding="UTF-8"?>
<!DOCTYPE html PUBLIC "-//W3C//DTD XHTML 1.0 Transitional//EN"
    "http://www.w3.org/TR/xhtml1/DTD/xhtml1-transitional.dtd">
<html xmlns="http://www.w3.org/1999/xhtml" xml:lang="en" lang="en">
 <head>
  <title>
</title>
<meta http-equiv="Content-Type" content="text/html;charset=utf-8" />
  <meta name='ocr-system' content='tesseract 3.04.00' />
  <meta name='ocr-capabilities' content='ocr_page ocr_carea ocr_par ocr_line ocrx_word'/>
</head>
<body>
  <div class='ocr_page' id='page_1' title='image "./dearistotelispo01nickgoog_0033.png"; bbox 0 0 3124 4918; ppageno 0'>
   <div class='ocr_carea' id='block_1_1' title="bbox 671 345 877 408">
    <p class='ocr_par' dir='ltr' id='par_1_1' title="bbox 671 345 877 408">
     <span class='ocr_line' id='line_1_1' title="bbox 671 345 877 408; baseline 0.005 -17"><span class='ocrx_word' id='word_1_1' title='bbox 671 345 877 408; x_wconf 71' lang='lat'>„15-</span> 
     </span>
    </p>
   </div>
   <div class='ocr_carea' id='block_1_2' title="bbox 219 512 1317 727">
    <p class='ocr_par' dir='ltr' id='par_1_2' title="bbox 219 512 1317 727">
     <span class='ocr_line' id='line_1_2' title="bbox 221 512 1317 614; baseline -0.003 -17"><span class='ocrx_word' id='word_1_2' title='bbox 221 541 336 612; x_wconf 86' lang='lat' dir='ltr'>tutem,</span> <span class='ocrx_word' id='word_1_3' title='bbox 357 512 438 594; x_wconf 79' lang='lat' dir='ltr'>haec</span> <span class='ocrx_word' id='word_1_4' title='bbox 457 530 601 594; x_wconf 85' lang='lat' dir='ltr'>laudatur</span> <span class='ocrx_word' id='word_1_5' title='bbox 623 540 772 614; x_wconf 82' lang='lat' dir='ltr'>tanquam</span> <span class='ocrx_word' id='word_1_6' title='bbox 794 535 874 596; x_wconf 76' lang='lat' dir='ltr'>vera</span> <span class='ocrx_word' id='word_1_7' title='bbox 895 531 1038 595; x_wconf 76' lang='lat' dir='ltr'>ott-lirma</span> <span class='ocrx_word' id='word_1_8' title='bbox 1061 541 1094 594; x_wconf 90' lang='lat' dir='ltr'>et</span> <span class='ocrx_word' id='word_1_9' title='bbox 1114 532 1247 595; x_wconf 87' lang='lat' dir='ltr'>stabilis.</span> <span class='ocrx_word' id='word_1_10' title='bbox 1281 535 1317 594; x_wconf 90' lang='lat' dir='ltr'>ln</span> 
     </span>
     <span class='ocr_line' id='line_1_3' title="bbox 219 640 1316 727; baseline -0.004 -21"><span class='ocrx_word' id='word_1_11' title='bbox 219 645 283 727; x_wconf 43' lang='lat' dir='ltr'>*qua</span> <span class='ocrx_word' id='word_1_12' title='bbox 294 643 362 706; x_wconf 87' lang='lat' dir='ltr'>sola</span> <span class='ocrx_word' id='word_1_13' title='bbox 374 642 493 704; x_wconf 86' lang='lat' dir='ltr'>amicus</span> <span class='ocrx_word' id='word_1_14' title='bbox 503 659 606 722; x_wconf 88' lang='lat' dir='ltr'>aeque</span> <span class='ocrx_word' id='word_1_15' title='bbox 616 642 751 703; x_wconf 86' lang='lat' dir='ltr'>amicum</span> <span class='ocrx_word' id='word_1_16' title='bbox 763 659 802 703; x_wconf 88' lang='lat' dir='ltr'>ac</span> <span class='ocrx_word' id='word_1_17' title='bbox 812 649 915 702; x_wconf 88' lang='lat' dir='ltr'>semet</span> <span class='ocrx_word' id='word_1_18' title='bbox 927 641 1029 721; x_wconf 88' lang='lat' dir='ltr'>ipsum</span> <span class='ocrx_word' id='word_1_19' title='bbox 1043 640 1156 723; x_wconf 77' lang='lat' dir='ltr'>diligit,</span> <span class='ocrx_word' id='word_1_20' title='bbox 1170 661 1316 723; x_wconf 89' lang='lat' dir='ltr'>eumque,</span> 
     </span>
    </p>
   </div>
   <div class='ocr_carea' id='block_1_3' title="bbox 221 748 1315 943">
    <p class='ocr_par' dir='ltr' id='par_1_3' title="bbox 221 748 1315 943">
     <span class='ocr_line' id='line_1_4' title="bbox 222 748 1315 834; baseline -0.002 -21"><span class='ocrx_word' id='word_1_21' title='bbox 222 765 370 834; x_wconf 89' lang='lat' dir='ltr'>quantum</span> <span class='ocrx_word' id='word_1_22' title='bbox 393 758 509 831; x_wconf 87' lang='lat' dir='ltr'>potest,</span> <span class='ocrx_word' id='word_1_23' title='bbox 540 748 580 810; x_wconf 92' lang='lat' dir='ltr'>ad</span> <span class='ocrx_word' id='word_1_24' title='bbox 604 750 754 812; x_wconf 82' lang='lat' dir='ltr'>bonorum</span> <span class='ocrx_word' id='word_1_25' title='bbox 777 749 916 810; x_wconf 86' lang='lat' dir='ltr'>ultimum</span> <span class='ocrx_word' id='word_1_26' title='bbox 939 749 1200 830; x_wconf 86' lang='lat' dir='ltr'>consequendum</span> <span class='ocrx_word' id='word_1_27' title='bbox 1221 750 1315 814; x_wconf 89' lang='lat' dir='ltr'>adiu-</span> 
     </span>
     <span class='ocr_line' id='line_1_5' title="bbox 221 853 1315 943; baseline -0.004 -25"><span class='ocrx_word' id='word_1_28' title='bbox 221 859 324 928; x_wconf 70' lang='lat' dir='ltr'>vett).</span> <span class='ocrx_word' id='word_1_29' title='bbox 367 855 583 936; x_wconf 72' lang='lat' dir='ltr'>Aequalitatis</span> <span class='ocrx_word' id='word_1_30' title='bbox 608 853 722 918; x_wconf 90' lang='lat' dir='ltr'>deinde</span> <span class='ocrx_word' id='word_1_31' title='bbox 742 855 864 943; x_wconf 87' lang='lat' dir='ltr'>ratione</span> <span class='ocrx_word' id='word_1_32' title='bbox 887 853 995 916; x_wconf 88' lang='lat' dir='ltr'>habita</span> <span class='ocrx_word' id='word_1_33' title='bbox 1016 863 1049 914; x_wconf 87' lang='lat' dir='ltr'>et</span> <span class='ocrx_word' id='word_1_34' title='bbox 1070 855 1315 934; x_wconf 73' lang='lat' dir='ltr'>inaequalitatis,</span> 
     </span>
    </p>
   </div>
   <div class='ocr_carea' id='block_1_4' title="bbox 219 961 1318 1588">
    <p class='ocr_par' dir='ltr' id='par_1_4' title="bbox 219 961 1318 1588">
     <span class='ocr_line' id='line_1_6' title="bbox 220 961 1318 1043; baseline -0.002 -17"><span class='ocrx_word' id='word_1_35' title='bbox 220 967 384 1026; x_wconf 83' lang='lat' dir='ltr'>caritatem</span> <span class='ocrx_word' id='word_1_36' title='bbox 417 965 492 1024; x_wconf 86' lang='lat' dir='ltr'>item</span> <span class='ocrx_word' id='word_1_37' title='bbox 518 962 650 1043; x_wconf 77' lang='lat' dir='ltr'>partitur</span> <span class='ocrx_word' id='word_1_38' title='bbox 676 963 707 1023; x_wconf 93' lang='lat' dir='ltr'>in</span> <span class='ocrx_word' id='word_1_39' title='bbox 734 961 901 1041; x_wconf 82' lang='lat' dir='ltr'>aequalem</span> <span class='ocrx_word' id='word_1_40' title='bbox 933 970 966 1022; x_wconf 88' lang='lat' dir='ltr'>et</span> <span class='ocrx_word' id='word_1_41' title='bbox 990 961 1186 1042; x_wconf 84' lang='lat' dir='ltr'>inaequalem</span> <span class='ocrx_word' id='word_1_42' title='bbox 1197 964 1250 1042; x_wconf 75' lang='lat' dir='ltr'>ll,</span> <span class='ocrx_word' id='word_1_43' title='bbox 1283 969 1318 1024; x_wconf 88' lang='lat' dir='ltr'>ut</span> 
     </span>
     <span class='ocr_line' id='line_1_7' title="bbox 219 1069 1317 1153; baseline 0.002 -21"><span class='ocrx_word' id='word_1_44' title='bbox 219 1069 259 1132; x_wconf 86' lang='lat' dir='ltr'>ad</span> <span class='ocrx_word' id='word_1_45' title='bbox 287 1090 353 1132; x_wconf 85' lang='lat' dir='ltr'>rem</span> <span class='ocrx_word' id='word_1_46' title='bbox 383 1071 505 1150; x_wconf 80' lang='lat' dir='ltr'>ipsam,</span> <span class='ocrx_word' id='word_1_47' title='bbox 535 1073 626 1132; x_wconf 78' lang='lat' dir='ltr'>citius</span> <span class='ocrx_word' id='word_1_48' title='bbox 650 1089 749 1134; x_wconf 86' lang='lat' dir='ltr'>causa</span> <span class='ocrx_word' id='word_1_49' title='bbox 776 1081 929 1152; x_wconf 78' lang='lat' dir='ltr'>suscepta</span> <span class='ocrx_word' id='word_1_50' title='bbox 957 1081 1024 1134; x_wconf 90' lang='lat' dir='ltr'>tota</span> <span class='ocrx_word' id='word_1_51' title='bbox 1054 1073 1227 1153; x_wconf 82' lang='lat' dir='ltr'>disputatio</span> <span class='ocrx_word' id='word_1_52' title='bbox 1255 1083 1317 1153; x_wconf 85' lang='lat' dir='ltr'>est,</span> 
     </span>
     <span class='ocr_line' id='line_1_8' title="bbox 220 1175 1317 1258; baseline 0.001 -17"><span class='ocrx_word' id='word_1_53' title='bbox 220 1178 327 1241; x_wconf 85' lang='lat' dir='ltr'>statim</span> <span class='ocrx_word' id='word_1_54' title='bbox 353 1175 498 1239; x_wconf 86' lang='lat' dir='ltr'>accedat.</span> <span class='ocrx_word' id='word_1_55' title='bbox 551 1179 665 1258; x_wconf 88' lang='lat' dir='ltr'>Aequo</span> <span class='ocrx_word' id='word_1_56' title='bbox 694 1178 776 1240; x_wconf 84' lang='lat' dir='ltr'>euim</span> <span class='ocrx_word' id='word_1_57' title='bbox 805 1179 849 1240; x_wconf 90' lang='lat' dir='ltr'>ait</span> <span class='ocrx_word' id='word_1_58' title='bbox 876 1179 952 1240; x_wconf 83' lang='lat' dir='ltr'>iuris</span> <span class='ocrx_word' id='word_1_59' title='bbox 976 1189 1007 1241; x_wconf 87' lang='lat' dir='ltr'>ot</span> <span class='ocrx_word' id='word_1_60' title='bbox 1027 1178 1170 1244; x_wconf 80' lang='lat' dir='ltr'>caritatis</span> <span class='ocrx_word' id='word_1_61' title='bbox 1191 1181 1317 1244; x_wconf 89' lang='lat' dir='ltr'>vinculo</span> 
     </span>
     <span class='ocr_line' id='line_1_9' title="bbox 219 1287 1316 1365; baseline 0.003 -17"><span class='ocrx_word' id='word_1_62' title='bbox 219 1291 406 1348; x_wconf 90' lang='lat' dir='ltr'>coniunctas</span> <span class='ocrx_word' id='word_1_63' title='bbox 428 1305 506 1349; x_wconf 85' lang='lat' dir='ltr'>esso</span> <span class='ocrx_word' id='word_1_64' title='bbox 527 1287 703 1350; x_wconf 79' lang='lat' dir='ltr'>societates</span> <span class='ocrx_word' id='word_1_65' title='bbox 731 1306 844 1350; x_wconf 89' lang='lat' dir='ltr'>omnes</span> <span class='ocrx_word' id='word_1_66' title='bbox 873 1297 906 1349; x_wconf 89' lang='lat' dir='ltr'>et</span> <span class='ocrx_word' id='word_1_67' title='bbox 927 1290 1188 1365; x_wconf 77' lang='lat' dir='ltr'>communitates,</span> <span class='ocrx_word' id='word_1_68' title='bbox 1217 1299 1250 1352; x_wconf 87' lang='lat' dir='ltr'>et</span> <span class='ocrx_word' id='word_1_69' title='bbox 1271 1295 1316 1353; x_wconf 88' lang='lat' dir='ltr'>ita</span> 
     </span>
     <span class='ocr_line' id='line_1_10' title="bbox 219 1394 1317 1480; baseline 0.005 -24"><span class='ocrx_word' id='word_1_70' title='bbox 219 1394 342 1477; x_wconf 86' lang='lat' dir='ltr'>quidem</span> <span class='ocrx_word' id='word_1_71' title='bbox 365 1404 402 1456; x_wconf 90' lang='lat' dir='ltr'>ut</span> <span class='ocrx_word' id='word_1_72' title='bbox 422 1413 485 1476; x_wconf 89' lang='lat' dir='ltr'>quo</span> <span class='ocrx_word' id='word_1_73' title='bbox 505 1396 601 1458; x_wconf 81' lang='lat' dir='ltr'>artior</span> <span class='ocrx_word' id='word_1_74' title='bbox 621 1396 663 1458; x_wconf 86' lang='lat' dir='ltr'>sit</span> <span class='ocrx_word' id='word_1_75' title='bbox 684 1397 893 1459; x_wconf 86' lang='lat' dir='ltr'>communitas</span> <span class='ocrx_word' id='word_1_76' title='bbox 913 1401 933 1458; x_wconf 91' lang='lat' dir='ltr'>i.</span> <span class='ocrx_word' id='word_1_77' title='bbox 956 1417 985 1459; x_wconf 77' lang='grc' dir='ltr'>ο.</span> <span class='ocrx_word' id='word_1_78' title='bbox 1004 1417 1067 1480; x_wconf 89' lang='lat' dir='ltr'>quo</span> <span class='ocrx_word' id='word_1_79' title='bbox 1083 1402 1218 1460; x_wconf 85' lang='lat' dir='ltr'>maiores</span> <span class='ocrx_word' id='word_1_80' title='bbox 1240 1401 1317 1480; x_wconf 87' lang='lat' dir='ltr'>plu·</span> 
     </span>
     <span class='ocr_line' id='line_1_11' title="bbox 220 1501 1318 1588; baseline 0.008 -27"><span class='ocrx_word' id='word_1_81' title='bbox 220 1517 335 1582; x_wconf 81' lang='lat' dir='ltr'>rosque</span> <span class='ocrx_word' id='word_1_82' title='bbox 356 1517 409 1562; x_wconf 81' lang='lat' dir='ltr'>tes</span> <span class='ocrx_word' id='word_1_83' title='bbox 432 1501 532 1566; x_wconf 85' lang='lat' dir='ltr'>sociis</span> <span class='ocrx_word' id='word_1_84' title='bbox 555 1519 751 1578; x_wconf 87' lang='lat' dir='ltr'>communes,</span> <span class='ocrx_word' id='word_1_85' title='bbox 773 1522 812 1564; x_wconf 91' lang='lat' dir='ltr'>eo</span> <span class='ocrx_word' id='word_1_86' title='bbox 836 1503 932 1564; x_wconf 83' lang='lat' dir='ltr'>artior</span> <span class='ocrx_word' id='word_1_87' title='bbox 951 1505 992 1565; x_wconf 87' lang='lat' dir='ltr'>sit</span> <span class='ocrx_word' id='word_1_88' title='bbox 1013 1505 1131 1565; x_wconf 87' lang='lat' dir='ltr'>caritas</span> <span class='ocrx_word' id='word_1_89' title='bbox 1155 1507 1318 1588; x_wconf 83' lang='lat' dir='ltr'>maiorque</span> 
     </span>
    </p>
   </div>
   <div class='ocr_carea' id='block_1_5' title="bbox 128 1607 1315 1691">
    <p class='ocr_par' dir='ltr' id='par_1_5' title="bbox 128 1607 1315 1691">
     <span class='ocr_line' id='line_1_12' title="bbox 128 1607 1315 1691; baseline 0.003 -19"><span class='ocrx_word' id='word_1_90' title='bbox 128 1621 132 1628; x_wconf 90' lang='lat'>&#39;</span> <span class='ocrx_word' id='word_1_91' title='bbox 218 1609 388 1682; x_wconf 80' lang='lat' dir='ltr'>iustitia³).</span> <span class='ocrx_word' id='word_1_92' title='bbox 439 1607 552 1672; x_wconf 85' lang='lat' dir='ltr'>Omnis</span> <span class='ocrx_word' id='word_1_93' title='bbox 574 1618 682 1670; x_wconf 84' lang='lat' dir='ltr'>autem</span> <span class='ocrx_word' id='word_1_94' title='bbox 704 1611 886 1672; x_wconf 88' lang='lat' dir='ltr'>coniunctio</span> <span class='ocrx_word' id='word_1_95' title='bbox 907 1629 983 1691; x_wconf 86' lang='lat' dir='ltr'>pars</span> <span class='ocrx_word' id='word_1_96' title='bbox 1006 1621 1057 1674; x_wconf 87' lang='lat' dir='ltr'>est</span> <span class='ocrx_word' id='word_1_97' title='bbox 1079 1615 1315 1678; x_wconf 80' lang='lat' dir='ltr'>communitatis</span> 
     </span>
    </p>
   </div>
   <div class='ocr_carea' id='block_1_6' title="bbox 216 1714 1318 2879">
    <p class='ocr_par' dir='ltr' id='par_1_6' title="bbox 216 1714 1318 2879">
     <span class='ocr_line' id='line_1_13' title="bbox 219 1714 1318 1801; baseline 0.005 -25"><span class='ocrx_word' id='word_1_98' title='bbox 219 1714 333 1780; x_wconf 82' lang='lat' dir='ltr'>civilis.</span> <span class='ocrx_word' id='word_1_99' title='bbox 375 1715 469 1776; x_wconf 84' lang='lat' dir='ltr'>llaec</span> <span class='ocrx_word' id='word_1_100' title='bbox 498 1731 579 1775; x_wconf 86' lang='lat' dir='ltr'>vem</span> <span class='ocrx_word' id='word_1_101' title='bbox 607 1715 711 1780; x_wconf 87' lang='lat' dir='ltr'>civilis</span> <span class='ocrx_word' id='word_1_102' title='bbox 739 1716 951 1778; x_wconf 87' lang='lat' dir='ltr'>communitas</span> <span class='ocrx_word' id='word_1_103' title='bbox 980 1719 1150 1799; x_wconf 86' lang='lat' dir='ltr'>nequead</span> <span class='ocrx_word' id='word_1_104' title='bbox 1180 1727 1318 1801; x_wconf 87' lang='lat' dir='ltr'>tempus,</span> 
     </span>
     <span class='ocr_line' id='line_1_14' title="bbox 218 1815 1317 1906; baseline 0.005 -24"><span class='ocrx_word' id='word_1_105' title='bbox 218 1838 323 1902; x_wconf 86' lang='lat' dir='ltr'>neque</span> <span class='ocrx_word' id='word_1_106' title='bbox 344 1830 377 1883; x_wconf 90' lang='lat' dir='ltr'>ut</span> <span class='ocrx_word' id='word_1_107' title='bbox 396 1820 478 1883; x_wconf 89' lang='lat' dir='ltr'>aliae</span> <span class='ocrx_word' id='word_1_108' title='bbox 496 1821 672 1882; x_wconf 79' lang='lat' dir='ltr'>societates</span> <span class='ocrx_word' id='word_1_109' title='bbox 692 1815 860 1904; x_wconf 80' lang='grc' dir='ltr'><em>συμφέρον</em></span> <span class='ocrx_word' id='word_1_110' title='bbox 879 1839 910 1881; x_wconf 86' lang='grc' dir='ltr'>τι</span> <span class='ocrx_word' id='word_1_111' title='bbox 925 1820 1088 1902; x_wconf 87' lang='lat' dir='ltr'>(quiddam</span> <span class='ocrx_word' id='word_1_112' title='bbox 1107 1841 1317 1906; x_wconf 86' lang='lat' dir='ltr'>eorumquae</span> 
     </span>
     <span class='ocr_line' id='line_1_15' title="bbox 218 1928 1317 2011; baseline 0.003 -20"><span class='ocrx_word' id='word_1_113' title='bbox 218 1928 417 2004; x_wconf 83' lang='lat' dir='ltr'>conducunt]</span> <span class='ocrx_word' id='word_1_114' title='bbox 447 1929 587 2010; x_wconf 85' lang='lat' dir='ltr'>expetit,</span> <span class='ocrx_word' id='word_1_115' title='bbox 619 1929 678 1992; x_wconf 87' lang='lat' dir='ltr'>sed</span> <span class='ocrx_word' id='word_1_116' title='bbox 710 1938 742 1990; x_wconf 88' lang='lat' dir='ltr'>et</span> <span class='ocrx_word' id='word_1_117' title='bbox 767 1949 824 2010; x_wconf 85' lang='lat' dir='ltr'>pro</span> <span class='ocrx_word' id='word_1_118' title='bbox 853 1931 939 1992; x_wconf 91' lang='lat' dir='ltr'>vitae</span> <span class='ocrx_word' id='word_1_119' title='bbox 966 1933 1177 2011; x_wconf 82' lang='lat' dir='ltr'>perpetuitate</span> <span class='ocrx_word' id='word_1_120' title='bbox 1205 1942 1239 1994; x_wconf 90' lang='lat' dir='ltr'>et</span> <span class='ocrx_word' id='word_1_121' title='bbox 1257 1929 1317 1994; x_wconf 78' lang='grc' dir='ltr'>τοῦ</span> 
     </span>
     <span class='ocr_line' id='line_1_16' title="bbox 219 2032 1313 2122; baseline 0.008 -25"><span class='ocrx_word' id='word_1_122' title='bbox 219 2032 442 2121; x_wconf 78' lang='grc' dir='ltr'><strong><em>συμφέροντος</em></strong></span> <span class='ocrx_word' id='word_1_123' title='bbox 477 2040 563 2111; x_wconf 83' lang='lat' dir='ltr'>[eius</span> <span class='ocrx_word' id='word_1_124' title='bbox 595 2039 679 2120; x_wconf 90' lang='lat' dir='ltr'>quod</span> <span class='ocrx_word' id='word_1_125' title='bbox 711 2038 862 2100; x_wconf 87' lang='lat' dir='ltr'>conducit</span> <span class='ocrx_word' id='word_1_126' title='bbox 894 2038 1093 2120; x_wconf 84' lang='lat' dir='ltr'>simpliciter)</span> <span class='ocrx_word' id='word_1_127' title='bbox 1127 2049 1158 2102; x_wconf 89' lang='lat' dir='ltr'>et</span> <span class='ocrx_word' id='word_1_128' title='bbox 1187 2041 1313 2122; x_wconf 87' lang='lat' dir='ltr'>quidem</span> 
     </span>
     <span class='ocr_line' id='line_1_17' title="bbox 216 2137 1309 2229; baseline 0.009 -23"><span class='ocrx_word' id='word_1_129' title='bbox 216 2141 276 2207; x_wconf 78' lang='grc' dir='ltr'>τοῦ</span> <span class='ocrx_word' id='word_1_130' title='bbox 304 2142 395 2229; x_wconf 83' lang='grc' dir='ltr'>κοινῇ</span> <span class='ocrx_word' id='word_1_131' title='bbox 421 2140 645 2228; x_wconf 80' lang='grc' dir='ltr'><strong><em>συμφέροντος</em></strong></span> <span class='ocrx_word' id='word_1_132' title='bbox 673 2147 759 2221; x_wconf 85' lang='lat' dir='ltr'>(eins</span> <span class='ocrx_word' id='word_1_133' title='bbox 789 2145 872 2227; x_wconf 90' lang='lat' dir='ltr'>quod</span> <span class='ocrx_word' id='word_1_134' title='bbox 903 2149 1120 2210; x_wconf 89' lang='lat' dir='ltr'>communitati</span> <span class='ocrx_word' id='word_1_135' title='bbox 1135 2137 1309 2225; x_wconf 48' lang='lat' dir='ltr'>“conducit)</span> 
     </span>
     <span class='ocr_line' id='line_1_18' title="bbox 217 2253 1316 2332; baseline 0.005 -15"><span class='ocrx_word' id='word_1_136' title='bbox 217 2271 316 2317; x_wconf 87' lang='lat' dir='ltr'>causa</span> <span class='ocrx_word' id='word_1_137' title='bbox 345 2254 519 2316; x_wconf 87' lang='lat' dir='ltr'>constituta</span> <span class='ocrx_word' id='word_1_138' title='bbox 549 2257 650 2328; x_wconf 65' lang='lat' dir='ltr'>estl).</span> <span class='ocrx_word' id='word_1_139' title='bbox 706 2253 798 2332; x_wconf 82' lang='lat' dir='ltr'>Quae</span> <span class='ocrx_word' id='word_1_140' title='bbox 828 2257 942 2318; x_wconf 86' lang='lat' dir='ltr'>civiles</span> <span class='ocrx_word' id='word_1_141' title='bbox 971 2259 1218 2320; x_wconf 84' lang='lat' dir='ltr'>communitates</span> <span class='ocrx_word' id='word_1_142' title='bbox 1244 2277 1316 2322; x_wconf 82' lang='lat' dir='ltr'>cunt</span> 
     </span>
     <span class='ocr_line' id='line_1_19' title="bbox 217 2359 1315 2443; baseline 0.005 -21"><span class='ocrx_word' id='word_1_143' title='bbox 217 2362 325 2443; x_wconf 83' lang='lat' dir='ltr'>plures</span> <span class='ocrx_word' id='word_1_144' title='bbox 352 2369 385 2422; x_wconf 91' lang='lat' dir='ltr'>et</span> <span class='ocrx_word' id='word_1_145' title='bbox 413 2359 565 2424; x_wconf 84' lang='lat' dir='ltr'>diversae</span> <span class='ocrx_word' id='word_1_146' title='bbox 591 2361 712 2442; x_wconf 71' lang='lat' dir='ltr'>sintl),</span> <span class='ocrx_word' id='word_1_147' title='bbox 743 2380 852 2424; x_wconf 89' lang='lat' dir='ltr'>earum</span> <span class='ocrx_word' id='word_1_148' title='bbox 880 2364 928 2424; x_wconf 88' lang='lat' dir='ltr'>cui</span> <span class='ocrx_word' id='word_1_149' title='bbox 955 2363 1076 2426; x_wconf 87' lang='lat' dir='ltr'>iustitia</span> <span class='ocrx_word' id='word_1_150' title='bbox 1100 2365 1238 2428; x_wconf 85' lang='lat' dir='ltr'>maxima</span> <span class='ocrx_word' id='word_1_151' title='bbox 1261 2377 1315 2428; x_wconf 90' lang='lat' dir='ltr'>est</span> 
     </span>
     <span class='ocr_line' id='line_1_20' title="bbox 217 2471 1317 2554; baseline 0.003 -19"><span class='ocrx_word' id='word_1_152' title='bbox 217 2471 474 2553; x_wconf 74' lang='lat' dir='ltr'>citissimumque</span> <span class='ocrx_word' id='word_1_153' title='bbox 495 2471 572 2534; x_wconf 84' lang='lat' dir='ltr'>iuris</span> <span class='ocrx_word' id='word_1_154' title='bbox 593 2472 769 2554; x_wconf 88' lang='lat' dir='ltr'>vinculum,</span> <span class='ocrx_word' id='word_1_155' title='bbox 791 2471 822 2534; x_wconf 90' lang='lat' dir='ltr'>in</span> <span class='ocrx_word' id='word_1_156' title='bbox 846 2491 885 2534; x_wconf 87' lang='lat' dir='ltr'>ea</span> <span class='ocrx_word' id='word_1_157' title='bbox 907 2482 940 2536; x_wconf 87' lang='lat' dir='ltr'>ct</span> <span class='ocrx_word' id='word_1_158' title='bbox 961 2478 1077 2536; x_wconf 86' lang='lat' dir='ltr'>caritas</span> <span class='ocrx_word' id='word_1_159' title='bbox 1099 2475 1208 2536; x_wconf 88' lang='lat' dir='ltr'>intima</span> <span class='ocrx_word' id='word_1_160' title='bbox 1229 2479 1317 2550; x_wconf 70' lang='lat' dir='ltr'>estt)</span> 
     </span>
     <span class='ocr_line' id='line_1_21' title="bbox 216 2579 1315 2663; baseline 0 -19"><span class='ocrx_word' id='word_1_161' title='bbox 216 2579 456 2660; x_wconf 84' lang='lat' dir='ltr'>communisque</span> <span class='ocrx_word' id='word_1_162' title='bbox 484 2579 604 2642; x_wconf 83' lang='lat' dir='ltr'>utilitas</span> <span class='ocrx_word' id='word_1_163' title='bbox 641 2579 787 2642; x_wconf 85' lang='lat' dir='ltr'>maxima.</span> <span class='ocrx_word' id='word_1_164' title='bbox 844 2582 967 2642; x_wconf 91' lang='lat' dir='ltr'>lustum</span> <span class='ocrx_word' id='word_1_165' title='bbox 996 2592 1101 2645; x_wconf 79' lang='lat' dir='ltr'>atatem</span> <span class='ocrx_word' id='word_1_166' title='bbox 1137 2587 1315 2663; x_wconf 77' lang='lat' dir='ltr'>quamsit</span> 
     </span>
     <span class='ocr_line' id='line_1_22' title="bbox 216 2687 1312 2772; baseline 0.001 -20"><span class='ocrx_word' id='word_1_167' title='bbox 216 2689 381 2772; x_wconf 88' lang='lat' dir='ltr'>aequabile</span> <span class='ocrx_word' id='word_1_168' title='bbox 410 2688 557 2771; x_wconf 90' lang='lat' dir='ltr'>quiddam</span> <span class='ocrx_word' id='word_1_169' title='bbox 587 2696 620 2759; x_wconf 83' lang='lat' dir='ltr'>et</span> <span class='ocrx_word' id='word_1_170' title='bbox 646 2707 721 2770; x_wconf 83' lang='lat' dir='ltr'>par,</span> <span class='ocrx_word' id='word_1_171' title='bbox 747 2687 911 2750; x_wconf 50' lang='lat' dir='ltr'>,hominum</span> <span class='ocrx_word' id='word_1_172' title='bbox 934 2708 1012 2766; x_wconf 87' lang='lat' dir='ltr'>vero</span> <span class='ocrx_word' id='word_1_173' title='bbox 1035 2690 1312 2754; x_wconf 85' lang='lat' dir='ltr'>communitatibus</span> 
     </span>
     <span class='ocr_line' id='line_1_23' title="bbox 218 2795 1313 2879; baseline 0 -19"><span class='ocrx_word' id='word_1_174' title='bbox 218 2799 272 2860; x_wconf 87' lang='lat' dir='ltr'>alii</span> <span class='ocrx_word' id='word_1_175' title='bbox 292 2797 363 2860; x_wconf 84' lang='lat' dir='ltr'>aliis</span> <span class='ocrx_word' id='word_1_176' title='bbox 382 2797 488 2879; x_wconf 79' lang='lat' dir='ltr'>magis</span> <span class='ocrx_word' id='word_1_177' title='bbox 509 2797 630 2878; x_wconf 83' lang='lat' dir='ltr'>prosint</span> <span class='ocrx_word' id='word_1_178' title='bbox 662 2797 734 2858; x_wconf 89' lang='lat' dir='ltr'>sive</span> <span class='ocrx_word' id='word_1_179' title='bbox 751 2797 880 2859; x_wconf 72' lang='lat' dir='ltr'>ulutate</span> <span class='ocrx_word' id='word_1_180' title='bbox 909 2800 985 2860; x_wconf 85' lang='lat' dir='ltr'>sive</span> <span class='ocrx_word' id='word_1_181' title='bbox 1014 2795 1149 2876; x_wconf 85' lang='lat' dir='ltr'>divitiis,</span> <span class='ocrx_word' id='word_1_182' title='bbox 1180 2797 1211 2859; x_wconf 91' lang='lat' dir='ltr'>hi</span> <span class='ocrx_word' id='word_1_183' title='bbox 1238 2798 1313 2860; x_wconf 84' lang='lat' dir='ltr'>afli·</span> 
     </span>
    </p>
   </div>
   <div class='ocr_carea' id='block_1_7' title="bbox 214 2973 546 2992">
    <p class='ocr_par' dir='ltr' id='par_1_7' title="bbox 214 2973 546 2992">
     <span class='ocr_line' id='line_1_24' title="bbox 214 2973 546 2992; baseline -0.006 -1"><span class='ocrx_word' id='word_1_184' title='bbox 214 2973 546 2992; x_wconf 50' lang='grc' dir='ltr'>’.ι-1,·-</span> 
     </span>
    </p>
   </div>
   <div class='ocr_carea' id='block_1_8' title="bbox 229 3076 1321 4250">
    <p class='ocr_par' dir='ltr' id='par_1_8' title="bbox 281 3076 1321 3336">
     <span class='ocr_line' id='line_1_25' title="bbox 284 3076 1321 3154; baseline -0.002 -15"><span class='ocrx_word' id='word_1_185' title='bbox 284 3093 326 3139; x_wconf 73' lang='lat' dir='ltr'>est</span> <span class='ocrx_word' id='word_1_186' title='bbox 343 3089 370 3138; x_wconf 77' lang='lat' dir='ltr'>ln</span> <span class='ocrx_word' id='word_1_187' title='bbox 388 3089 444 3138; x_wconf 76' lang='lat' dir='ltr'>Pol.</span> <span class='ocrx_word' id='word_1_188' title='bbox 462 3087 521 3138; x_wconf 87' lang='lat' dir='ltr'>vll.</span> <span class='ocrx_word' id='word_1_189' title='bbox 541 3087 568 3139; x_wconf 85' lang='grc'>1.</span> <span class='ocrx_word' id='word_1_190' title='bbox 592 3090 646 3139; x_wconf 74' lang='grc' dir='ltr'>πᾶν</span> <span class='ocrx_word' id='word_1_191' title='bbox 669 3083 698 3138; x_wconf 83' lang='lat' dir='ltr'>‹tt</span> <span class='ocrx_word' id='word_1_192' title='bbox 721 3084 752 3137; x_wconf 72' lang='lat' dir='ltr'>vd</span> <span class='ocrx_word' id='word_1_193' title='bbox 775 3083 898 3154; x_wconf 67' lang='grc' dir='ltr'>χρήσιμόν</span> <span class='ocrx_word' id='word_1_194' title='bbox 914 3084 986 3138; x_wconf 54' lang='grc' dir='ltr'>’ἔστιν</span> <span class='ocrx_word' id='word_1_195' title='bbox 1007 3076 1043 3136; x_wconf 68' lang='grc' dir='ltr'>ὧν</span> <span class='ocrx_word' id='word_1_196' title='bbox 1067 3083 1112 3152; x_wconf 59' lang='grc' dir='ltr'>τὴν</span> <span class='ocrx_word' id='word_1_197' title='bbox 1133 3081 1274 3153; x_wconf 62' lang='grc' dir='ltr'><strong><em>ὑπερβολήν</em></strong></span> <span class='ocrx_word' id='word_1_198' title='bbox 1297 3085 1321 3152; x_wconf 66' lang='grc' dir='ltr'>η’</span> 
     </span>
     <span class='ocr_line' id='line_1_26' title="bbox 283 3173 1311 3247; baseline -0.002 -17"><span class='ocrx_word' id='word_1_199' title='bbox 283 3173 407 3245; x_wconf 65' lang='lat' dir='ltr'>,diductam</span> <span class='ocrx_word' id='word_1_200' title='bbox 422 3175 557 3247; x_wconf 78' lang='grc' dir='ltr'><strong><em>ἆναγκοῖον</em></strong></span> <span class='ocrx_word' id='word_1_201' title='bbox 572 3175 587 3244; x_wconf 82' lang='grc' dir='ltr'><em>ἢ</em></span> <span class='ocrx_word' id='word_1_202' title='bbox 603 3177 682 3245; x_wconf 71' lang='grc' dir='ltr'><em>μηδὲν</em></span> <span class='ocrx_word' id='word_1_203' title='bbox 698 3176 784 3244; x_wconf 76' lang='grc' dir='ltr'><strong><em>ὄφελος</em></strong></span> <span class='ocrx_word' id='word_1_204' title='bbox 807 3177 870 3228; x_wconf 77' lang='grc' dir='ltr'>εἶναι</span> <span class='ocrx_word' id='word_1_205' title='bbox 893 3173 975 3228; x_wconf 68' lang='grc' dir='ltr'><em>αὐτῶν</em></span> <span class='ocrx_word' id='word_1_206' title='bbox 997 3183 1048 3236; x_wconf 78' lang='grc' dir='ltr'><strong><em>τοῖς</em></strong></span> <span class='ocrx_word' id='word_1_207' title='bbox 1065 3177 1179 3245; x_wconf 75' lang='grc' dir='ltr'>ἔχουσιν)</span> <span class='ocrx_word' id='word_1_208' title='bbox 1202 3182 1257 3228; x_wconf 77' lang='lat' dir='ltr'>lum</span> <span class='ocrx_word' id='word_1_209' title='bbox 1276 3191 1311 3230; x_wconf 78' lang='lat' dir='ltr'>ex</span> 
     </span>
     <span class='ocr_line' id='line_1_27' title="bbox 281 3269 1314 3336; baseline 0.001 -12"><span class='ocrx_word' id='word_1_210' title='bbox 281 3285 316 3324; x_wconf 86' lang='lat' dir='ltr'>eo</span> <span class='ocrx_word' id='word_1_211' title='bbox 343 3271 415 3336; x_wconf 85' lang='lat' dir='ltr'>quod</span> <span class='ocrx_word' id='word_1_212' title='bbox 440 3271 541 3322; x_wconf 85' lang='lat' dir='ltr'>caritas</span> <span class='ocrx_word' id='word_1_213' title='bbox 565 3271 593 3320; x_wconf 90' lang='lat' dir='ltr'>iu</span> <span class='ocrx_word' id='word_1_214' title='bbox 611 3269 733 3321; x_wconf 83' lang='lat' dir='ltr'>honestis</span> <span class='ocrx_word' id='word_1_215' title='bbox 750 3269 857 3334; x_wconf 78' lang='lat' dir='ltr'>ponitur</span> <span class='ocrx_word' id='word_1_216' title='bbox 871 3270 948 3330; x_wconf 78' lang='lat' dir='ltr'>(Etln</span> <span class='ocrx_word' id='word_1_217' title='bbox 967 3269 1026 3320; x_wconf 77' lang='lat' dir='ltr'>llic.</span> <span class='ocrx_word' id='word_1_218' title='bbox 1045 3271 1117 3322; x_wconf 87' lang='lat' dir='ltr'>Vlll.</span> <span class='ocrx_word' id='word_1_219' title='bbox 1136 3269 1186 3333; x_wconf 80' lang='grc'><strong>1.),</strong></span> <span class='ocrx_word' id='word_1_220' title='bbox 1204 3270 1314 3325; x_wconf 84' lang='lat' dir='ltr'>divltlae</span> 
     </span>
    </p>

    <p class='ocr_par' dir='ltr' id='par_1_9' title="bbox 229 3362 692 3422">
     <span class='ocr_line' id='line_1_28' title="bbox 229 3362 692 3422; baseline -0.004 -8"><span class='ocrx_word' id='word_1_221' title='bbox 229 3375 235 3382; x_wconf 90' lang='lat'>·</span> <span class='ocrx_word' id='word_1_222' title='bbox 282 3363 310 3414; x_wconf 82' lang='lat' dir='ltr'>ln</span> <span class='ocrx_word' id='word_1_223' title='bbox 326 3363 451 3414; x_wconf 81' lang='lat' dir='ltr'>iucundis</span> <span class='ocrx_word' id='word_1_224' title='bbox 468 3362 546 3422; x_wconf 81' lang='lat' dir='ltr'>(ibid.</span> <span class='ocrx_word' id='word_1_225' title='bbox 563 3362 623 3414; x_wconf 88' lang='lat' dir='ltr'>Vll.</span> <span class='ocrx_word' id='word_1_226' title='bbox 641 3364 692 3419; x_wconf 82' lang='grc'><strong>6.).</strong></span> 
     </span>
    </p>

    <p class='ocr_par' dir='ltr' id='par_1_10' title="bbox 232 3454 1207 3516">
     <span class='ocr_line' id='line_1_29' title="bbox 232 3454 1207 3516; baseline -0.001 -9"><span class='ocrx_word' id='word_1_227' title='bbox 232 3455 264 3516; x_wconf 83' lang='lat' dir='ltr'>l)</span> <span class='ocrx_word' id='word_1_228' title='bbox 282 3457 341 3508; x_wconf 79' lang='lat' dir='ltr'>lilla.</span> <span class='ocrx_word' id='word_1_229' title='bbox 359 3457 418 3508; x_wconf 86' lang='lat' dir='ltr'>Nic.</span> <span class='ocrx_word' id='word_1_230' title='bbox 435 3455 507 3505; x_wconf 85' lang='lat' dir='ltr'>vlll.</span> <span class='ocrx_word' id='word_1_231' title='bbox 525 3454 665 3506; x_wconf 74' lang='lat' dir='ltr'>1-t.1x.</span> <span class='ocrx_word' id='word_1_232' title='bbox 682 3456 701 3505; x_wconf 69' lang='grc' dir='ltr'><strong><em>Β</em></strong></span> <span class='ocrx_word' id='word_1_233' title='bbox 718 3457 745 3506; x_wconf 88' lang='lat' dir='ltr'>et</span> <span class='ocrx_word' id='word_1_234' title='bbox 762 3454 806 3506; x_wconf 72' lang='lat' dir='ltr'>ta</span> <span class='ocrx_word' id='word_1_235' title='bbox 961 3455 994 3514; x_wconf 70' lang='grc'>9)</span> <span class='ocrx_word' id='word_1_236' title='bbox 1013 3454 1075 3506; x_wconf 82' lang='lat' dir='ltr'>told.</span> <span class='ocrx_word' id='word_1_237' title='bbox 1093 3455 1162 3506; x_wconf 89' lang='lat' dir='ltr'>vtll.</span> <span class='ocrx_word' id='word_1_238' title='bbox 1178 3457 1207 3506; x_wconf 82' lang='grc'>8.</span> 
     </span>
    </p>

    <p class='ocr_par' dir='ltr' id='par_1_11' title="bbox 230 3547 576 3606">
     <span class='ocr_line' id='line_1_30' title="bbox 230 3547 576 3606; baseline 0.003 -8"><span class='ocrx_word' id='word_1_239' title='bbox 230 3551 264 3606; x_wconf 74' lang='grc'>8)</span> <span class='ocrx_word' id='word_1_240' title='bbox 279 3549 341 3599; x_wconf 74' lang='lat' dir='ltr'>lilla.</span> <span class='ocrx_word' id='word_1_241' title='bbox 357 3547 418 3598; x_wconf 87' lang='lat' dir='ltr'>Nic.</span> <span class='ocrx_word' id='word_1_242' title='bbox 437 3547 510 3599; x_wconf 89' lang='lat' dir='ltr'>vlll.</span> <span class='ocrx_word' id='word_1_243' title='bbox 529 3547 576 3599; x_wconf 82' lang='lat'>11.</span> 
     </span>
    </p>

    <p class='ocr_par' dir='ltr' id='par_1_12' title="bbox 232 3638 1314 4158">
     <span class='ocr_line' id='line_1_31' title="bbox 232 3638 1314 3709; baseline 0.001 -19"><span class='ocrx_word' id='word_1_244' title='bbox 232 3639 265 3699; x_wconf 75' lang='lat' dir='ltr'>t)</span> <span class='ocrx_word' id='word_1_245' title='bbox 280 3641 439 3708; x_wconf 72' lang='grc' dir='ltr'>Σομφέροντι</span> <span class='ocrx_word' id='word_1_246' title='bbox 455 3645 482 3692; x_wconf 87' lang='lat' dir='ltr'>et</span> <span class='ocrx_word' id='word_1_247' title='bbox 499 3643 613 3709; x_wconf 68' lang='grc' dir='ltr'><strong><em>χρησίμῳ</em></strong></span> <span class='ocrx_word' id='word_1_248' title='bbox 629 3640 700 3691; x_wconf 87' lang='lat' dir='ltr'>inter</span> <span class='ocrx_word' id='word_1_249' title='bbox 717 3653 746 3690; x_wconf 87' lang='lat' dir='ltr'>se</span> <span class='ocrx_word' id='word_1_250' title='bbox 763 3638 944 3704; x_wconf 84' lang='lat' dir='ltr'>commutatis,</span> <span class='ocrx_word' id='word_1_251' title='bbox 961 3640 1026 3690; x_wconf 79' lang='lat' dir='ltr'>laneo</span> <span class='ocrx_word' id='word_1_252' title='bbox 1042 3639 1149 3702; x_wconf 80' lang='lat' dir='ltr'>scripsit</span> <span class='ocrx_word' id='word_1_253' title='bbox 1159 3639 1278 3690; x_wconf 80' lang='lat' dir='ltr'>ltltterus</span> <span class='ocrx_word' id='word_1_254' title='bbox 1289 3655 1314 3703; x_wconf 78' lang='grc' dir='ltr'>ο.</span> 
     </span>
     <span class='ocr_line' id='line_1_32' title="bbox 282 3731 1312 3797; baseline 0 -15"><span class='ocrx_word' id='word_1_255' title='bbox 282 3735 346 3784; x_wconf 78' lang='grc' dir='ltr'>θθο.</span> <span class='ocrx_word' id='word_1_256' title='bbox 364 3733 384 3786; x_wconf 91' lang='grc' dir='ltr'>Ι.</span> <span class='ocrx_word' id='word_1_257' title='bbox 395 3746 435 3784; x_wconf 87' lang='lat' dir='ltr'>c.:</span> <span class='ocrx_word' id='word_1_258' title='bbox 451 3732 515 3795; x_wconf 86' lang='lat' dir='ltr'>„Die</span> <span class='ocrx_word' id='word_1_259' title='bbox 532 3733 704 3797; x_wconf 80' lang='lat' dir='ltr'>llntstelumg</span> <span class='ocrx_word' id='word_1_260' title='bbox 720 3733 769 3782; x_wconf 86' lang='lat' dir='ltr'>des</span> <span class='ocrx_word' id='word_1_261' title='bbox 786 3733 894 3782; x_wconf 76' lang='lat' dir='ltr'>staates</span> <span class='ocrx_word' id='word_1_262' title='bbox 908 3731 985 3782; x_wconf 85' lang='lat' dir='ltr'>leltet</span> <span class='ocrx_word' id='word_1_263' title='bbox 996 3731 1158 3782; x_wconf 82' lang='lat' dir='ltr'>Aristoteles</span> <span class='ocrx_word' id='word_1_264' title='bbox 1168 3731 1312 3782; x_wconf 73' lang='lat' dir='ltr'>wlePlato</span> 
     </span>
     <span class='ocr_line' id='line_1_33' title="bbox 283 3823 1313 3889; baseline 0.002 -17"><span class='ocrx_word' id='word_1_265' title='bbox 283 3826 383 3876; x_wconf 77' lang='lat' dir='ltr'>durans</span> <span class='ocrx_word' id='word_1_266' title='bbox 405 3825 439 3875; x_wconf 86' lang='lat' dir='ltr'>ab</span> <span class='ocrx_word' id='word_1_267' title='bbox 446 3857 457 3889; x_wconf 89' lang='lat'>,</span> <span class='ocrx_word' id='word_1_268' title='bbox 483 3825 546 3874; x_wconf 83' lang='lat' dir='ltr'>dass</span> <span class='ocrx_word' id='word_1_269' title='bbox 571 3823 613 3874; x_wconf 88' lang='lat' dir='ltr'>dle</span> <span class='ocrx_word' id='word_1_270' title='bbox 638 3823 783 3874; x_wconf 83' lang='lat' dir='ltr'>einzelnen</span> <span class='ocrx_word' id='word_1_271' title='bbox 804 3823 966 3874; x_wconf 72' lang='lat' dir='ltr'>(temelnden</span> <span class='ocrx_word' id='word_1_272' title='bbox 992 3825 1045 3873; x_wconf 86' lang='lat' dir='ltr'>und</span> <span class='ocrx_word' id='word_1_273' title='bbox 1063 3825 1231 3874; x_wconf 75' lang='lat' dir='ltr'>liaustvesen</span> <span class='ocrx_word' id='word_1_274' title='bbox 1255 3825 1313 3874; x_wconf 77' lang='lat' dir='ltr'>siclt</span> 
     </span>
     <span class='ocr_line' id='line_1_34' title="bbox 280 3910 1313 3980; baseline 0.001 -17"><span class='ocrx_word' id='word_1_275' title='bbox 280 3910 356 3965; x_wconf 76' lang='lat' dir='ltr'>ulcha</span> <span class='ocrx_word' id='word_1_276' title='bbox 373 3927 465 3979; x_wconf 81' lang='lat' dir='ltr'>genug</span> <span class='ocrx_word' id='word_1_277' title='bbox 481 3917 552 3980; x_wconf 84' lang='lat' dir='ltr'>siud,</span> <span class='ocrx_word' id='word_1_278' title='bbox 570 3927 613 3965; x_wconf 89' lang='lat' dir='ltr'>um</span> <span class='ocrx_word' id='word_1_279' title='bbox 631 3913 684 3964; x_wconf 89' lang='lat' dir='ltr'>alle</span> <span class='ocrx_word' id='word_1_280' title='bbox 701 3911 873 3964; x_wconf 83' lang='lat' dir='ltr'>Bediirlniese</span> <span class='ocrx_word' id='word_1_281' title='bbox 890 3927 923 3964; x_wconf 84' lang='lat' dir='ltr'>zu</span> <span class='ocrx_word' id='word_1_282' title='bbox 942 3914 1116 3980; x_wconf 82' lang='lat' dir='ltr'>belrledigen.</span> <span class='ocrx_word' id='word_1_283' title='bbox 1139 3915 1204 3966; x_wconf 88' lang='lat' dir='ltr'>Von</span> <span class='ocrx_word' id='word_1_284' title='bbox 1223 3914 1313 3965; x_wconf 83' lang='lat' dir='ltr'>dieser</span> 
     </span>
     <span class='ocr_line' id='line_1_35' title="bbox 282 4005 1311 4075; baseline 0.005 -21"><span class='ocrx_word' id='word_1_285' title='bbox 282 4005 355 4054; x_wconf 77' lang='lat' dir='ltr'>Seite</span> <span class='ocrx_word' id='word_1_286' title='bbox 373 4008 509 4070; x_wconf 73' lang='lat' dir='ltr'>genehen,</span> <span class='ocrx_word' id='word_1_287' title='bbox 525 4008 594 4057; x_wconf 78' lang='lat' dir='ltr'>wind</span> <span class='ocrx_word' id='word_1_288' title='bbox 611 4007 673 4059; x_wconf 78' lang='lat' dir='ltr'>aad</span> <span class='ocrx_word' id='word_1_289' title='bbox 689 4007 729 4060; x_wconf 78' lang='lat' dir='ltr'>iat</span> <span class='ocrx_word' id='word_1_290' title='bbox 745 4009 798 4060; x_wconf 83' lang='lat' dir='ltr'>der</span> <span class='ocrx_word' id='word_1_291' title='bbox 815 4008 905 4059; x_wconf 76' lang='lat' dir='ltr'>Stant</span> <span class='ocrx_word' id='word_1_292' title='bbox 921 4021 979 4060; x_wconf 84' lang='lat' dir='ltr'>aar</span> <span class='ocrx_word' id='word_1_293' title='bbox 997 4009 1047 4060; x_wconf 82' lang='lat' dir='ltr'>dea</span> <span class='ocrx_word' id='word_1_294' title='bbox 1064 4008 1197 4060; x_wconf 77' lang='lat' dir='ltr'>Nalzena</span> <span class='ocrx_word' id='word_1_295' title='bbox 1213 4021 1311 4075; x_wconf 65' lang='lat' dir='ltr'>coccea</span> 
     </span>
     <span class='ocr_line' id='line_1_36' title="bbox 281 4095 707 4158; baseline 0.005 -12"><span class='ocrx_word' id='word_1_296' title='bbox 281 4097 392 4156; x_wconf 80' lang='lat' dir='ltr'>(Ethica</span> <span class='ocrx_word' id='word_1_297' title='bbox 409 4095 511 4152; x_wconf 84' lang='lat' dir='ltr'>Nic&#39;om.</span> <span class='ocrx_word' id='word_1_298' title='bbox 530 4099 601 4149; x_wconf 87' lang='lat' dir='ltr'>Vlll.</span> <span class='ocrx_word' id='word_1_299' title='bbox 621 4097 707 4158; x_wconf 82' lang='lat' dir='ltr'>ll.).“</span> 
     </span>
    </p>

    <p class='ocr_par' dir='ltr' id='par_1_13' title="bbox 232 4189 1069 4250">
     <span class='ocr_line' id='line_1_37' title="bbox 232 4189 1069 4250; baseline 0.007 -10"><span class='ocrx_word' id='word_1_300' title='bbox 232 4192 264 4250; x_wconf 69' lang='grc' dir='ltr'>ὁ)</span> <span class='ocrx_word' id='word_1_301' title='bbox 283 4191 345 4242; x_wconf 75' lang='lat' dir='ltr'>lton.</span> <span class='ocrx_word' id='word_1_302' title='bbox 363 4189 421 4244; x_wconf 85' lang='lat' dir='ltr'>Nlo.</span> <span class='ocrx_word' id='word_1_303' title='bbox 439 4191 509 4246; x_wconf 85' lang='lat' dir='ltr'>Vlll.</span> <span class='ocrx_word' id='word_1_304' title='bbox 527 4191 571 4242; x_wconf 77' lang='lat' dir='ltr'>ta.</span> <span class='ocrx_word' id='word_1_305' title='bbox 727 4192 758 4249; x_wconf 82' lang='grc'>6)</span> <span class='ocrx_word' id='word_1_306' title='bbox 775 4191 836 4241; x_wconf 79' lang='lat' dir='ltr'>Etlt.</span> <span class='ocrx_word' id='word_1_307' title='bbox 854 4189 914 4241; x_wconf 84' lang='lat' dir='ltr'>Nlo.</span> <span class='ocrx_word' id='word_1_308' title='bbox 933 4191 1003 4242; x_wconf 84' lang='lat' dir='ltr'>vltl.</span> <span class='ocrx_word' id='word_1_309' title='bbox 1022 4189 1069 4246; x_wconf 83' lang='lat' dir='ltr'>ta.</span> 
     </span>
    </p>
   </div>
   <div class='ocr_carea' id='block_1_9' title="bbox 0 0 1566 4918">
    <p class='ocr_par' dir='ltr' id='par_1_14' title="bbox 0 0 1566 4918">
     <span class='ocr_line' id='line_1_38' title="bbox 0 0 1566 4918; baseline 0 2"><span class='ocrx_word' id='word_1_310' title='bbox 0 0 1566 4918; x_wconf 95' lang='lat' dir='ltr'> </span> 
     </span>
    </p>
   </div>
  </div>
 </body>
</html>
