3124 4918
678 337 865 416 ...4.-

222 521 259 578 ot
279 523 343 578 noo
364 519 504 595 eo'nqolie
521 523 644 578 taonem
663 518 842 578 bominibus
859 518 919 577 ced
936 522 1009 578 tolie
1026 521 1189 595 impertiat
1207 521 1322 582 reboe-

217 625 355 702 puble'cie
375 627 551 687 secundom
573 625 776 686 Aristotelem
798 630 894 704 quom·
905 629 1001 705 finem
1014 630 1211 705 propositum
1227 628 1324 688 babet

221 717 243 812 ἦ
272 718 426 812 πολιτική
443 717 603 814 δύναμις.
659 731 753 807 Quae
784 731 961 806 facultar¹)
993 729 1139 794 laudatur
1170 741 1320 814 tanquam

219 840 332 917 regina
348 844 380 896 et
395 835 570 900 architecta
585 838 713 897 aliarum
729 841 864 900 omnium
880 837 1064 899 facultatum
1080 826 1119 922 (ἦ
1138 827 1320 923 κυριωτάτη

217 937 273 1003 καὶ
287 929 431 1021 μάλιστα
445 930 696 1026 ἀρχιτεκτονική.
713 945 783 1004 Etb.
795 943 869 1004 Nic.
880 945 902 1003 Ι.
916 944 970 1021 1.),
982 945 1129 1024 quoniam
1142 964 1204 1008 uon
1217 945 1319 1008 solum

217 1049 384 1132 praecipit,
407 1050 524 1132 quibus
546 1049 719 1132 disciplinis
738 1051 768 1111 iu
786 1051 967 1112 civitatibus
983 1071 1064 1132 opus
1080 1053 1135 1134 eit,
1157 1061 1190 1114 et
1209 1055 1319 1135 quales

220 1157 399 1240 quibusque
422 1156 596 1220 discendae
617 1169 650 1220 et
671 1176 857 1240 quousque,
887 1156 944 1220 sed
977 1160 1074 1222 etiam
1103 1179 1214 1223 omnes
1240 1161 1320 1223 allas

218 1265 394 1330 facultates
421 1267 501 1330 infru
529 1286 566 1330 se
588 1269 710 1349 positas
733 1276 818 1329 tenet
840 1287 1016 1349 crucesque
1037 1288 1117 1350 quae
1138 1263 1318 1353 πρακτικαὶ

218 1373 418 1436 nominantur
447 1373 588 1434 continet
615 1373 776 1436 doctrinas
785 1377 823 1447 1).
875 1375 923 1434 De
945 1374 1008 1435 hac
1039 1378 1135 1456 igitur
1165 1371 1320 1461 πολιτικῇ

217 1480 381 1562 facultate,
404 1482 455 1542 cui
477 1487 568 1563 quasi
589 1481 659 1544 finis
682 1485 875 1564 propositum
898 1494 949 1548 est
964 1483 993 1545 e’
1008 1472 1219 1570 ἀνθρώπινον
1233 1475 1316 1568 ἀγα-

216 1575 321 1664 aba)
343 1590 361 1649 i.
383 1608 412 1650 e.
435 1590 619 1652 universum
644 1592 757 1653 bonurn
782 1593 970 1674 humanum,
991 1596 1132 1658 seribere
1154 1595 1317 1658 coustituit

221 1699 415 1760 Aristoteles
443 1686 611 1784 πολιτικήν
642 1696 917 1786 πραγματείαν).
972 1705 1043 1764 Hoc
1075 1691 1157 1764 euim
1190 1704 1316 1764 nomine

217 1823 280 1866 uon
304 1805 439 1866 Politian
461 1805 564 1866 solum
587 1807 821 1889 rignificantur‚
835 1807 894 1868 sed
911 1809 1005 1870 etiam
1020 1807 1144 1869 Ethica.
1158 1807 1199 1868 ci.
1216 1807 1313 1869 Rhea.

218 1915 244 1974 l.
263 1911 293 1974 2.
315 1900 337 1995 ἦ
355 1907 436 1996 περὶ
455 1901 497 1974 ed
517 1902 587 1998 ἢθη
609 1911 827 2001 πραγματεία,
848 1905 888 2000 ἢν
909 1904 1035 1978 δίκαιόν
1056 1911 1127 1978 ἐστι
1147 1933 1316 2000 προσαγο-

216 2007 323 2106 ρεύειν
343 2008 521 2106 πολιτικήν.
571 2023 613 2084 Et
641 2027 687 2086 ita
713 2022 836 2102 quidem
867 2024 951 2086 banc
972 2011 1143 2106 πολιτικήν
1172 2024 1319 2086 couscri-

214 2128 291 2191 bere
317 2127 433 2208 voluit,
465 2135 499 2189 ut
526 2145 597 2189 eam
627 2146 665 2191 se
693 2129 871 2192 tradentem
895 2130 1052 2212 cogitaret
1073 2131 1190 2192 talibus
1212 2130 1315 2192 disci-

214 2239 310 2322 pulis,
335 2239 387 2320 qui
408 2238 470 2301 iam
499 2237 600 2300 adulti
629 2247 661 2302 ct
688 2239 812 2302 edueati
839 2241 884 2304 ita
912 2250 1041 2322 essent,
1072 2251 1104 2304 ut
1132 2243 1315 2324 voluptates

217 2342 440 2425 repudiarent,
469 2343 585 2425 quiquo
606 2343 668 2406 iam
690 2343 893 2408 mediocriter
915 2356 1027 2410 essent
1048 2348 1079 2408 in
1103 2349 1168 2410 vita
1191 2349 1315 2412 versati

217 2459 250 2514 et
268 2455 300 2513 iu
322 2449 492 2532 republica.
522 2453 570 2512 lta
592 2453 674 2512 enirn
698 2448 848 2514 affectum
871 2453 1059 2536 discipulum
1081 2456 1192 2518 borum
1216 2457 1314 2518 libro-

217 2580 283 2622 rum
308 2561 504 2623 institutione
534 2560 722 2621 exstiturum
749 2562 875 2642 putavit
903 2559 975 2621 κατ’
999 2549 1161 2642 ἀλήθειαν
1182 2558 1315 2622 πολιτι-

216 2655 319 2748 elva),
342 2668 395 2749 qui
416 2653 517 2728 artem
539 2653 710 2748 πολιτικήν
723 2687 785 2729 uon
803 2669 964 2752 cognitam
980 2669 1111 2730 haberet
1128 2669 1229 2730 solum
1252 2669 1312 2732 sed

217 2778 379 2841 lectitaret
405 2776 500 2840 etiam
524 2775 751 2860 adiuveretque
772 2786 871 2840 totam
891 2776 1136 2858 rempublicam,
1166 2786 1202 2839 ut
1228 2776 1314 2840 idem

217 2885 332 2950 bonum
354 2883 594 2968 adipisceretur.
638 2886 689 2950 Ae
710 2883 751 2948 de
773 2888 873 2948 totius
894 2885 1000 2964 operis
1015 2886 1148 2948 consilio
1165 2884 1313 2948 diximue

214 3041 516 3060 ———-——a—

236 3135 270 3204 1)
289 3139 407 3190 verbu·
432 3133 536 3203 δύναμις
557 3135 626 3187 idern
648 3135 799 3202 otgotucat,
821 3137 892 3201 quod
910 3135 1037 3186 Latinum
1055 3135 1183 3186 facultas.
1202 3137 1236 3184 ct.
1256 3135 1314 3186 cic.

285 3234 319 3282 de
328 3231 383 3282 inv.
392 3232 414 3282 1.
423 3233 450 3281 o.
468 3229 529 3295 Quo
545 3231 609 3280 loco
629 3230 774 3295 „oratoria
784 3229 924 3280 leeultar“
942 3230 1010 3279 idem
1025 3229 1112 3294 valet,
1126 3231 1197 3292 quod
1208 3230 1315 3279 Graeca

284 3319 387 3389 δύναμις
421 3319 539 3390 ῥητορική.
557 3324 592 3373 ut
609 3318 716 3388 δύναμιν
735 3323 846 3387 Graeci,
864 3322 903 3372 itu
920 3322 1009 3372 Latini
1033 3321 1057 3371 ei
1081 3321 1236 3373 facultatem
1260 3320 1314 3370 ali·

283 3414 360 3468 cuius
383 3413 422 3464 rel
447 3426 506 3463 esee
529 3413 637 3478 dicunt,
659 3415 704 3478 qui
727 3427 784 3464 eam
807 3416 898 3465 tacere
923 3415 1014 3476 potest
1038 3413 1082 3462 vel
1101 3413 1219 3462 iaculter
1237 3411 1313 3462 iacit.

283 3505 444 3557 uouemus
462 3507 546 3556 verbo
571 3507 674 3569 utrique
695 3509 805 3573 subest,
832 3521 902 3572 quae
925 3507 1043 3558 nostris:
1070 3509 1123 3556 Dos
1148 3507 1313 3570 vermigen,

283 3597 327 3647 dle
335 3597 488 3662 migitet,
498 3599 547 3648 das
564 3594 718 3655 subielrtive
727 3600 848 3664 tiburien,
866 3598 963 3662 quibua
982 3598 1142 3660 opponitur:
1161 3597 1202 3646 die
1213 3593 1313 3660 objelr-

283 3685 446 3755 birotinum,
463 3692 493 3740 ut
507 3689 640 3740 scientiae
652 3687 726 3756 (uem
738 3686 908 3753 subjektiveu
920 3687 1059 3754 Wieeen):
1077 3687 1210 3750 doctriua,
1229 3687 1313 3738 discl-

284 3779 360 3842 plina
378 3778 436 3844 (die
453 3776 592 3844 objektive
609 3780 835 3844 wissenscbalt).

234 3868 268 3936 2)
287 3871 347 3920 utu.
365 3871 425 3922 Nic.
443 3871 509 3922 1.·1.
706 3873 740 3940 8)
757 3876 818 3926 utu.
837 3873 898 3924 Nic.
915 3875 949 3923 x.
969 3871 1013 3922 10.

233 3961 268 4026 t)
285 3964 345 4014 Etb.
362 3963 422 4014 Nic.
441 3965 461 4013 1.
481 3962 514 4028 1;
534 3965 568 4014 X.
586 3963 632 4014 10.
806 3962 841 4029 b)
856 3965 918 4016 utu.
935 3964 996 4018 Nic.
1015 3965 1036 4014 1.
1055 3962 1100 4014 1³.
