3118 4914
735 545 763 630 ς.
786 553 835 618 uu.

580 690 620 739 De
637 687 701 740 tibrt
719 687 779 764 VtI.
798 686 962 751 tutegrttate.

310 812 446 878 Censuit
460 809 652 892 Conringius
667 808 886 892 quaestionem
909 805 949 870 de
969 803 1158 871 educatione
1180 805 1219 871 ab
1241 825 1323 870 auno

226 919 270 984 V.
299 937 400 1002 usque
430 917 469 982 ad
498 919 572 982 vu.
603 935 678 980 esse
707 916 856 982 mutilam.
904 914 999 994 Quod
1028 919 1059 978 et
1085 913 1323 978 concedendum

227 1045 384 1089 essenon
407 1034 494 1106 puto.
538 1023 651 1088 Omnia
674 1025 756 1086 enim
770 1031 950 1103 'praecepta
976 1022 1016 1084 de
1044 1024 1172 1102 privata
1200 1019 1322 1082 educa·

147 1211 153 1219 ,
228 1134 313 1195 tione
336 1151 437 1214 usque
459 1131 501 1195 ad
522 1151 637 1194 annum
660 1131 702 1195 V.
730 1129 897 1196 referenda
919 1131 1013 1192 etiam
1035 1138 1112 1190 sunt
1134 1128 1174 1190 ad
1198 1127 1321 1189 educa-

228 1242 344 1302 tionem
381 1259 437 1321 per
473 1239 556 1302 istud
590 1240 744 1302 biennium
774 1239 944 1314 (Potvtt.
959 1237 1007 1298 17.
1035 1223 1161 1320 Ταύτην
1182 1223 1244 1319 ydp
1265 1221 1324 1316 τήν

227 1333 354 1428 ἡλικίαν
373 1339 427 1406 καὶ
448 1339 547 1430 μέχρι
565 1341 629 1406 τῶν
646 1332 732 1406 ἑπτὰ
747 1338 827 1407 ἐτῶν
845 1333 1016 1428 ἀναγκαῖον
1031 1339 1116 1404 οἴκοι
1127 1331 1186 1426 τήν
1199 1328 1324 1424 τροφήν

228 1443 342 1532 ἔχειν).
374 1453 408 1514 id
435 1461 555 1515 tantum
587 1454 668 1515 inter
697 1464 864 1534 utramque
890 1463 1029 1516 aetatem
1063 1455 1210 1528 interest,
1239 1448 1322 1532 quod

228 1563 315 1624 liberi
338 1581 397 1623 sex
420 1563 472 1622 vet
493 1571 615 1642 septem
640 1580 740 1622 annos
762 1562 827 1624 nati
846 1560 963 1643 aliquid
985 1559 1119 1622 docendi
1140 1567 1225 1638 sunt,
1248 1566 1323 1618 natu

226 1671 362 1732 minores
381 1670 526 1731 nonduin.
551 1671 584 1732 ld
607 1675 710 1752 ipsum
733 1649 839 1732 autern
862 1670 1053 1750 explicatum
1076 1667 1227 1730 brevibus
1251 1666 1324 1749 qui·

229 1777 300 1842 dem
332 1793 382 1840 est
412 1779 536 1858 verbio,
565 1779 624 1842 sed
652 1779 799 1860 integris:
830 1763 1039 1840 Aretdn'ucnrr
1067 1771 1104 1837 δὲ
1133 1771 1197 1836 τῶν
1225 1769 1323 1834 πέντε

229 1879 310 1948 dunin
338 1874 380 1947 coi
406 1874 465 1948 driu
488 1881 587 1972 μέχρι
614 1881 678 1948 τῶν
708 1874 793 1948 ἑπτά
821 1882 875 1946 δεῖ
897 1873 1049 1968 &emperie
1071 1873 1133 1970 ἤδη
1153 1878 1324 1967 γίγνεσθαι

228 1990 292 2056 τῶν
311 1980 564 2078 μαθήσεων,ιᾶς
585 1980 698 2078 δεήσει
717 1981 896 2073 μανθάνειν
918 1981 1043 2066 αὐτούς.

311 2104 418 2164 Huius
439 2104 505 2165 libri
529 2103 669 2166 ordinem
694 2111 726 2164 et
748 2103 985 2184 dispositionem
1007 2105 1090 2164 inter
1111 2117 1221 2163 ornnes
1245 2117 1320 2159 con·

228 2218 294 2273 etat
313 2230 426 2272 verum
448 2227 524 2273 esse
539 2202 580 2271 'et
600 2219 734 2302 rectum.

725 2351 752 2421 §-
778 2346 828 2410 54.

229 2485 269 2534 De
285 2483 430 2534 educandis
447 2481 663 2534 adulescentibus
675 2483 709 2532 ab
726 2481 823 2531 aetutta
836 2492 907 2530 anno
918 2480 977 2530 vlt.
993 2491 1077 2542 neque
1093 2477 1127 2529 ad
1145 2478 1325 2544 pubertatem,

486 2580 548 2626 eta
565 2577 706 2638 pubertate
723 2587 807 2638 usque
824 2576 857 2623 ad
875 2587 974 2624 annum
992 2575 1063 2622 xxt.

312 2696 350 2754 lo
368 2691 436 2753 iibri
459 2692 531 2752 vtr.
549 2688 612 2750 fine
629 2689 820 2752 Aristoteles
839 2700 906 2750 tres
924 2689 1089 2769 proposuit
1102 2690 1325 2772 quaestionem

227 2803 374 2881 primam,
405 2796 555 2881 numquid
581 2799 613 2858 in
643 2797 761 2877 optima
785 2797 946 2879 republica
967 2797 1191 2860 instituendum
1221 2801 1265 2861 sit
1285 2799 1326 2862 de

105 2933 109 2943 ·
226 2906 388 2969 infantium
411 2903 619 2986 educatione;
649 2907 792 2984 alteram,
822 2913 1005 2987 praestetne
1032 2907 1157 2987 publica
1180 2906 1325 2972 educatio

179 3011 182 3017 ’
228 3013 387 3094 privatae3
403 3011 540 3092 tertiam,
552 3013 676 3094 quatern
690 3009 910 3074 educationem
924 3031 1001 3076 esse
1014 3023 1167 3094 oporteat
1185 3015 1323 3078 Primum

226 3121 324 3204 igitur
342 3118 470 3182 dubium
489 3127 634 3200 nonest,
658 3119 730 3202 qnirr
752 3121 915 3202 legistator
936 3121 1010 3183 nihii
1032 3123 1193 3204 antiquius
1206 3122 1326 3188 habere

227 3225 361 3307 debeat,
395 3245 490 3306 quam
518 3233 553 3286 ut
582 3227 670 3306 pueri
703 3233 792 3290 recte
818 3227 1004 3289 educentur.
1055 3229 1213 3292 Educatio
1242 3233 1324 3294 enim

226 3351 363 3397 necesse
385 3341 434 3394 est
448 3341 664 3396 consentanea
679 3335 720 3394 sit
735 3334 849 3414 cuique
862 3333 1055 3415 reipublicae
1069 3336 1200 3400 formae.
1221 3338 1324 3398 Prae-

226 3449 316 3502 terea
337 3440 435 3523 utqui
453 3449 540 3502 artes
553 3440 701 3502 factitare
719 3440 828 3502 volunt
847 3439 887 3503 ad
904 3459 961 3502 eas
974 3443 1160 3505 informandi
1174 3451 1263 3522 suut,
1281 3443 1326 3503 ita

227 3549 322 3610 etiam
335 3545 375 3609 ad
387 3547 530 3609 actiones
543 3548 698 3609 honestas
710 3547 883 3611 exercendi
895 3549 984 3629 pueri
999 3557 1031 3610 et
1046 3550 1228 3610 instituendi
1243 3559 1326 3612 sunt.

309 3657 376 3718 lam
398 3675 477 3717 vero
501 3673 596 3736 quum
621 3673 702 3715 unus
724 3654 871 3737 idemque
893 3657 935 3716 sit
957 3654 1097 3716 civitatis
1126 3655 1214 3735 finis,
1245 3675 1324 3719 con-

227 3757 366 3842 sequens
388 3770 449 3844 est,
472 3769 505 3822 ut
529 3765 665 3822 omnium
690 3781 751 3823 noa
772 3764 813 3822 sit
832 3762 1006 3824 communis
1025 3759 1174 3825 educatio
1191 3764 1323 3846 publica.

227 3869 321 3930 Haec
343 3867 382 3928 de
404 3868 527 3930 duabus
548 3869 791 3947 quaestionibus
814 3867 898 3941 (Pei.
924 3868 1013 3929 vul.
1038 3869 1091 3942 l.].

312 3977 464 4059 Sequitur
492 3977 638 4058 quaestio
668 3978 761 4039 tertia
790 3977 831 4039 de
863 3973 1020 4039 educandi
1049 3979 1178 4040 ratione.
1233 3977 1325 4056 Quae

228 4086 355 4172 quidem
388 4102 440 4147 res
481 4103 628 4168 magnam
662 4083 759 4149 habet
793 4081 1029 4148 dubitationem.
1084 4087 1146 4149 Est
1177 4087 1258 4150 enim
1294 4088 1325 4148 iu

227 4198 363 4278 incerto,
381 4213 465 4278 quae
480 4193 633 4260 discenda
648 4196 709 4260 sint
728 4215 825 4280 opera
840 4205 872 4262 et
884 4195 1063 4279 efficienda,
1077 4207 1181 4260 utrum
1199 4197 1326 4261 virtutis
