3124 4918
682 331 890 392 ..ῃ-

235 517 432 588 rlloeritetem
454 522 546 605 sequi
573 521 714 585 ostendit
724 522 763 600 ¹).
806 523 860 583 Ne
880 531 989 585 tamen
1010 520 1051 582 rle
1073 518 1252 582 voluntario
1274 518 1334 582 lra-

237 632 305 693 bitu
325 631 451 692 dubium
473 629 568 691 ullum
589 630 796 711 relinquatur,
830 631 904 710 quirl
925 635 1040 708 sponte
1062 645 1160 708 agere
1183 625 1335 705 dieantur,

240 738 314 820 quid
336 738 444 808 iuviti,
468 737 562 816 plane
583 753 623 797 ae
645 736 811 815 perspicue
833 735 963 815 exponit
985 735 1173 815 quaeritque
1193 733 1233 794 de
1255 732 1335 794 ‹leli-

239 845 416 922 neronom,
447 843 487 904 de
515 843 695 924 optatione,
727 841 768 902 de
800 843 987 920 voluntate,
1017 840 1058 903 de
1093 841 1226 902 oonsilio
1247 858 1273 901 s.
1297 840 1337 902 de

237 953 449 1034 propositum
503 950 596 1027 Quae
624 951 788 1031 inquisitio
819 960 1040 1032 praeterquam
1071 949 1154 1032 quod
1185 948 1288 1010 divelli
1318 965 1338 1008 a

237 1060 355 1121 virtute
382 1060 511 1138 nequit,
542 1075 612 1118 eam
642 1077 766 1139 quoque
795 1056 834 1118 ob
862 1075 991 1119 eausam
1020 1056 1150 1137 politieo
1178 1056 1264 1117 utilis
1287 1063 1338 1116 eat

236 1168 290 1228 vel
311 1169 493 1228 necessaria
515 1166 632 1244 potine,
656 1165 739 1244 quod
770 1166 801 1225 iu
830 1164 978 1243 praemiis
1008 1165 1188 1245 poenisque
1215 1163 1337 1225 eonsti-

237 1272 362 1336 tuendis
384 1289 511 1352 semper
530 1271 738 1352 speetandum
763 1280 835 1348 est,
858 1269 930 1350 quid
954 1281 1090 1350 sponte,
1111 1273 1276 1333 voluntate
1296 1287 1337 1332 ae

237 1382 385 1442 eonsulto
399 1380 490 1440 oives
505 1377 578 1460 quid
595 1379 684 1440 inviti
699 1379 874 1460 egeriut³).
898 1381 961 1438 lam
978 1398 1056 1438 vero
1073 1379 1233 1454 enucleat,
1257 1395 1339 1457 quae

239 1495 272 1547 et
293 1487 405 1567 quales
427 1489 504 1566 sint,
526 1485 704 1568 quibusque
736 1487 767 1545 iu
790 1487 886 1546 rebus
907 1473 1077 1546 versentur
1100 1485 1247 1566 singulae
1268 1481 1338 1544 vir-

239 1603 346 1671 tutes,
378 1593 552 1672 fortitudo,
583 1593 741 1654 modestia
769 1611 795 1653 s.
819 1595 1048 1673 temperantia,
1081 1591 1255 1654 liberalitas
1279 1600 1338 1655 eto.

154 1727 157 1734 ·
240 1699 332 1777 (lltlr.
356 1701 430 1760 Nie.
453 1699 507 1757 lll.
529 1697 666 1776 ΒΑΕ).
711 1699 760 1758 De
788 1699 909 1759 iustitia
937 1708 1043 1760 autem
1069 1718 1150 1778 quae
1172 1717 1248 1778 prae
1269 1697 1339 1758 aliis

240 1808 386 1870 omuibus
408 1805 512 1870 eivilis
533 1813 622 1865 esset
644 1806 770 1882 virtus,
802 1811 899 1884 atque
927 1803 966 1864 ad
991 1805 1244 1866 coniunctionem
1278 1804 1339 1866 lto·

239 1915 356 1976 minum
378 1913 629 1992 societatemque
650 1929 743 1991 quam
767 1911 903 1972 maxime
925 1913 1109 1990 pertineret,
1133 1911 1260 1990 seripsit
1281 1919 1334 1972 to-

239 2029 306 2083 turn
331 2020 441 2082 librum
467 2019 508 2081 V.
552 2018 649 2078 lribro
677 2025 772 2078 sexto
807 2019 1037 2100 transgreditur
1064 2018 1104 2079 ad
1136 2018 1338 2080 illustrandas

239 2130 376 2192 virtutes
391 2113 606 2210 διανοητικάς,
621 2139 655 2188 ut
668 2135 700 2187 et
718 2128 853 2206 quaesit
869 2135 958 2188 reeta
972 2128 1051 2188 ratio
1064 2113 1098 2202 (ὁ
1108 2113 1214 2209 ὀρθὸς
1224 2113 1338 2204 λόγος)

240 2238 440 2317 perspicuum
465 2238 533 2304 fiat,
565 2245 597 2298 et
620 2235 793 2316 quid·iuter
815 2235 948 2296 virtutes
970 2222 1177 2317 drevoqruuig
1197 2234 1333 2316 θεωρη-

246 2330 339 2414 τικοὶς
367 2343 490 2404 intersit
512 2351 544 2402 et
565 2341 646 2402 iuter
667 2329 873 2421 daunenstade
893 2326 1091 2424 πρακτικάς,
1121 2347 1154 2400 et
1180 2357 1337 2419 quaenam

245 2449 296 2511 his
317 2449 497 2510 eoniunotio
519 2449 654 2509 situum
677 2447 858 2511 moralibus,

313 2553 480 2634 Reliquum
503 2562 566 2632 est,
590 2563 622 2614 ut
645 2550 685 2614 de
708 2555 755 2613 eis
777 2553 874 2613 rebus
896 2561 1030 2633 quaerat
1052 2571 1134 2633 quae
1164 2551 1339 2632 fugiendae

241 2674 326 2740 sunt,
349 2661 389 2724 de
412 2663 489 2724 vitio
508 2656 741 2743 (uanip)·quod
768 2661 935 2722 virtutibus
958 2660 1127 2722 moralibus
1149 2659 1340 2720 corrtrarium

240 2771 342 2850 pouit,
365 2768 404 2830 de
427 2771 667 2850 intemperantia
688 2757 861 2852 (ἀκρασίᾳ)
890 2770 940 2829 eui
963 2769 1119 2830 contraria
1141 2782 1190 2830 est
1213 2776 1338 2848 tempe·

240 2878 342 2939 rautia
365 2865 568 2959 (ἐγκράτεια)
589 2885 622 2936 et
644 2878 683 2937 de
704 2877 899 2936 immanitate
915 2863 1122 2958 (θηριότητι)
1142 2877 1193 2936 eui
1209 2877 1341 2954 opponit

241 2984 395 3044 virtutem
420 2981 577 3061 quandam
595 2980 743 3040 divinam.
778 2983 827 3040 De
845 2981 933 3040 vitiis
953 2990 1049 3042 antea
1067 2981 1260 3059 disputatum
1280 2987 1341 3040 eat.

242 3089 293 3150 De
324 3089 564 3168 intemperantia
596 3106 674 3150 vero
708 3088 838 3150 uberius
876 3088 1057 3165 disseritur,
1096 3105 1179 3168 quae
1211 3103 1231 3148 a
1264 3088 1342 3150 vitio

242 3195 349 3258 differt
362 3217 411 3276 eo,
430 3195 512 3277 quod
531 3215 601 3257 eam
623 3196 653 3258 iu
676 3214 713 3256 se
729 3199 943 3278 intemperans
957 3182 1130 3279 (ἆκρᾴιης)
1147 3215 1208 3258 nee
1227 3205 1343 3276 sponte

241 3313 298 3368 aut
321 3305 467 3366 eonsulto
489 3303 641 3381 admittit,
675 3322 736 3366 neo
765 3322 802 3365 se
830 3313 919 3366 reete
944 3324 1006 3368 uon
1036 3322 1136 3385 agere
1166 3303 1343 3386 ignotast).

243 3413 390 3493 Denique
414 3413 553 3474 breviter
576 3411 616 3474 de
637 3411 841 3474 immanitate.

341 3525 447 3588 Finito
469 3523 682 3604 disputatione
703 3521 744 3584 de
765 3521 934 3582 virtutibus
956 3538 983 3582 s.
1013 3519 1054 3582 de
1081 3519 1216 3584 honesto
1246 3517 1343 3605 (περὶ

243 3627 304 3695 τοῦ
326 3629 453 3712 καλοῦ),
479 3631 552 3713 quid
577 3639 627 3692 est
649 3628 689 3689 de
711 3647 773 3710 quo
792 3627 945 3709 deinceps
965 3627 1120 3690 dicturum
1137 3632 1341 3692 Aristotelem

250 3739 499 3822 exspectemus?
523 3739 627 3816 Quum
651 3737 690 3799 de
708 3737 790 3799 bono
808 3737 943 3800 humano
961 3738 1107 3820 quaestio
1121 3737 1163 3800 sit
1178 3746 1342 3819 suscepta,

248 3845 440 3927 disputatum
463 3855 570 3910 autem
590 3847 629 3908 de
646 3845 793 3930 horresto,
816 3845 855 3908 ad
880 3845 973 3908 linem
995 3845 1147 3928 perducta
1170 3846 1272 3910 omnis
1294 3845 1345 3908 ui-

251 3983 532 3996 ——-

266 4057 296 4114 u
317 4057 377 4108 uro.
395 4058 453 4108 ure.
469 4060 503 4110 ιι.
521 4059 548 4108 r.
702 4059 733 4121 a)
753 4056 815 4106 ure
833 4056 877 4106 m.
897 4055 975 4108 1-s.

263 4149 295 4214 e)
313 4147 374 4198 rura.
392 4147 435 4200 ru.
455 4149 479 4198 t.
628 4149 660 4214 4)
679 4148 740 4207 turn.
758 4147 817 4203 vu.
835 4147 864 4200 o.
