3118 4914
634 363 716 378 ·-
763 335 825 398 101.
865 365 907 378 -

653 515 921 584 OEWMOEL

416 661 467 724 Ile
486 661 620 742 reliquis
641 663 818 722 claritatibus
837 669 966 739 praeter
986 666 1146 740 optimum.
1256 677 1260 686 ·

237 773 552 894 dempqde'nrmu
580 796 652 893 γὰρ
678 796 834 872 τούτων
864 796 952 890 τάχ’
980 799 1026 873 dv
1045 805 1204 890 μᾶλλον
1225 805 1336 872 συνί-

238 913 385 998 δοιμεν
405 913 490 994 πῶς
506 905 658 1002 ἑκάστη
679 914 913 996 (πολιτεία)
934 921 1152 998 ταχθεῖσα
1169 915 1337 1000 culcior

380 1014 535 1106 νόμοις
555 1022 628 1088 καὶ
651 1017 773 1090 ἔθεσι
794 1024 992 1113 χρωμένη.
1012 1033 1107 1106 (ces.
1132 1031 1208 1118 ta),

736 1183 765 1250 S.
787 1181 837 1240 5⁷.

405 1326 446 1375 De
464 1324 595 1375 librorum
612 1325 659 1376 iV.
678 1327 713 1376 V.
731 1329 779 1378 Vi.
798 1331 935 1391 prooemio
953 1338 981 1382 et
999 1332 1180 1396 dispositione.

322 1467 417 1532 Utin
440 1469 555 1532 Politia
578 1471 684 1551 Plato,
708 1476 754 1536 ita
775 1475 968 1538 Arirtoteies
988 1461 1158 1558 deoptima
1179 1476 1339 1558 republica

238 1573 392 1640 disseruit
404 1576 606 1640 Politieorum
624 1580 711 1642 libris
723 1581 780 1643 iii.
792 1583 867 1644 Vii.
888 1585 976 1646 viii.
1000 1584 1073 1663 Ona
1085 1585 1195 1648 eadam
1211 1583 1338 1666 quidem

242 1678 282 1741 de
312 1699 347 1742 re
375 1681 617 1764 disputationem
647 1687 817 1768 ingressus
846 1707 938 1752 sunm
966 1699 1100 1772 uterque
1125 1697 1260 1754 secutus
1289 1698 1341 1752 est

239 1791 403 1856 rationem.
447 1793 540 1854 Plato
554 1794 636 1856 enirn
652 1814 722 1858 eam
737 1797 896 1860 civitatem
908 1797 1000 1861 finxit
1014 1799 1176 1880 optimam,
1198 1815 1293 1879 quam
1308 1797 1340 1858 in

238 1905 337 1964 vitam
351 1904 510 1966 bominum
523 1924 659 1986 nuquam
673 1923 771 1988 posse
785 1904 889 1968 induci
900 1906 969 1988 ipse
982 1915 1123 1988 negaret.
1146 1907 1341 1970 Aristotelea

238 2011 464 2092 rempublicam
490 2013 639 2093 optimam
669 2015 713 2076 ita
736 2012 926 2094 descripsit,
948 2024 983 2076 ut
1004 2011 1075 2076 κατ’
1097 2002 1192 2098 εὐχήν
1213 2015 1340 2098 quidem

238 2121 354 2198 omnia,
363 2125 582 2199 nequetamen
591 2105 923 2203 ddduaaovquidquam
933 2125 1119 2183 contineret.
1128 2120 1220 2184 Plato
1231 2131 1339 2184 autern

241 2243 335 2306 quum
352 2225 396 2286 ita
418 2225 457 2285 de
474 2226 589 2288 Politia
605 2229 749 2308 sentiret,
769 2227 799 2288 in
819 2226 943 2307 Legum
968 2227 1056 2288 librir
1077 2245 1147 2296 eam
1162 2245 1340 2307 proponere

239 2335 401 2396 constituit
422 2335 563 2398 civitatis
591 2333 740 2410 formam,
763 2351 847 2413 quae
873 2352 967 2415 quum
996 2331 1037 2395 ad
1060 2333 1158 2404 vitam
1181 2333 1339 2396 bominum

236 2449 417 2515 esset..,nu.m
447 2441 487 2503 ad
515 2441 654 2522 reliquas
683 2439 832 2508 civitates
856 2441 963 2519 magis
987 2437 1239 2526 accommodata.
1282 2438 1340 2500 Si·

237 2549 307 2610 mili
327 2549 449 2610 ratione
470 2547 663 2616 Aristoteles
678 2547 719 2608 in·
731 2545 897 2620 tibris-iva
915 2545 955 2606 V·.
978 2545 1035 2608 vi.
1058 2545 1221 2608 civitatem
1237 2562 1341 2626 qnae-

240 2657 279 2718 rit
311 2657 561 2720 communiorem
592 2665 624 2718 et
655 2655 838 2718 faciliorem.
882 2653 950 2718 Sed
979 2672 998 2724 a
1027 2654 1170 2716 Platonis
1191 2654 1278 2716 libris
1301 2652 1341 2722 de

240 2763 388 2846 Legibus
410 2784 448 2824 eo
470 2764 668 2844 potissimum
690 2763 735 2824 ilii
758 2762 918 2841 differunt,
940 2761 1024 2842 quod
1046 2781 1109 2824 non
1131 2759 1172 2824 de
1193 2777 1341 2824 commn-

243 2873 331 2932 niote
365 2869 467 2930 solum
502 2870 636 2930 civitate
675 2867 734 2930 sed
764 2877 889 2948 praeter
925 2867 1076 2947 optimam
1112 2865 1153 2927 de
1196 2866 1343 2928 omnibus

245 2978 444 3060 reipublicae,
470 2977 643 3060 generibus
671 2977 844 3054 conscripti
865 2980 949 3034 sunt.
993 2972 1060 3034 Sed
1083 2973 1145 3036 iam
1174 2971 1342 3036 audiamus

242 3086 448 3150 Aristotelem
472 3087 585 3166 ipsum.
684 3127 686 3132 ,

325 3219 375 3280 ile
391 3216 535 3279 omnibus
557 3213 666 3298 igitur,
687 3230 769 3292 quae
790 3227 896 3296 genus
917 3218 1017 3274 toturn
1033 3229 1094 3274 non
1110 3220 1231 3293 partem
1246 3229 1338 3274 corn-

237 3327 431 3408 plectuntur,
462 3321 582 3382 artibus
612 3331 643 3381 et
666 3319 816 3380 doctrinis
838 3319 867 3380 si
888 3319 1086 3402 quaerimus,
1124 3321 1220 3380 unius
1247 3319 1337 3380 eius-

243 3435 380 3515 demque
401 3430 478 3492 artis
500 3436 551 3490 est
572 3426 743 3508 dispicere,
764 3434 797 3489 et
818 3425 894 3508 quid
906 3428 948 3488 sit
961 3435 1070 3507 aptum
1084 3426 1199 3507 cuique
1220 3427 1343 3513 generi,

238 3552 276 3606 et
297 3541 369 3626 quid
392 3538 596 3602 communiter
618 3535 788 3618 plerisque.
810 3535 922 3598 Veluti
939 3534 1109 3598 exercendi
1130 3535 1274 3618 magistri
1295 3545 1347 3598 est

243 3675 411 3738 quaerere,
434 3663 466 3716 et
488 3649 729 3734 quae-singuiis
758 3649 944 3730 corporibus
966 3647 1154 3710 exercitatio
1177 3648 1346 3710 conveniat

241 3771 291 3836 (et
311 3784 404 3846 quum
418 3784 457 3826 ee
480 3782 564 3845 quae
592 3765 710 3844 optimo
732 3761 854 3844 corpori
866 3759 1241 3834 conveniatexercitatio
1261 3757 1346 3840 opti-

237 3889 295 3952 ma
314 3857 378 3952 sit,
412 3891 566 3955 quaenam
600 3872 758 3954 optima),
782 3879 815 3933 et
836 3888 919 3952 quae
942 3871 1112 3951 plerisque.
1154 3868 1215 3930 Est
1237 3873 1345 3928 autem

244 3978 387 4042 eiusdem
415 3984 571 4064 magistri,
593 4001 689 4063 quam
719 3981 790 4063 quis
819 3979 880 4041 sibi
902 3996 1030 4060 cunque
1059 3995 1245 4058 comparare
1268 3976 1346 4038 velit

242 4087 386 4170 corporis
418 4086 603 4152 facultatem
628 4097 661 4152 et
685 4088 879 4150 habilitatem
912 4085 1053 4166 edicere,
1089 4087 1238 4166 quamvis
1261 4083 1345 4145 idem

243 4217 300 4280 pro
322 4195 464 4277 eorporis
492 4204 604 4259 natura
633 4197 784 4278 consequi
813 4195 976 4258 meliorem
999 4196 1101 4276 possit
1123 4203 1155 4255 et
1176 4200 1347 4275 praestan-
