3118 4914
647 337 896 401 ..104...

216 549 516 631 rerumpublicarum
539 568 660 634 genera
682 551 839 634 videntur,
862 543 1034 636 ὀλιγαρχία
1051 557 1082 613 et
1100 543 1322 635 δημοκρατία;

218 645 331 740 eisque
353 659 532 722 subiectum
556 679 633 724 esse
654 661 765 724 dicunt
792 668 910 722 statum
938 659 1134 741 optimatium
1162 667 1195 720 et
1215 677 1321 738 popu-

218 764 326 826 larem.
378 766 445 829 Sed
473 775 614 849 praestat
641 767 790 830 civitates
821 768 864 828 ita
894 765 1051 846 dividere,
1084 775 1118 828 nt
1140 766 1318 848 perniciosa

218 891 302 954 quac
323 872 517 953 respondeat
539 875 678 955 optimae
698 877 817 956 (reguo
839 882 893 934 aut
909 860 1160 956 ἀριστοκρατίᾳ]
1183 872 1225 934 sit
1252 859 1321 933 ὀλι-

217 971 358 1064 γαρχία,
390 973 595 1064 δημοκρατία
620 990 727 1044 autcm
750 983 926 1063 appelletur
948 1000 988 1043 ea
1017 999 1100 1063 quae
1127 981 1169 1042 sit
1188 971 1321 1060 imperio

219 1089 362 1172 populari
385 1091 542 1170 opposita.
584 1091 707 1154 Deinde
727 1080 917 1176 ὀλιγαρχίας
938 1101 970 1154 et
992 1083 1215 1175 δημοκρατίας
1236 1089 1318 1152 deli·

218 1197 367 1258 nitionem
396 1197 457 1260 iam
486 1199 516 1259 in
540 1201 596 1261 lll.
618 1201 648 1263 8.
671 1201 866 1282 propositam
896 1200 1025 1261 uberius
1053 1197 1204 1280 explicat.
1257 1195 1318 1258 llis

218 1304 342 1387 quidem
360 1307 402 1368 ita
416 1309 586 1388 expositis,
603 1307 760 1371 accedere
775 1307 815 1370 ad
830 1327 896 1370 rem
922 1327 1017 1391 quam
1038 1307 1099 1370 sibi
1121 1304 1317 1369 tractandam

218 1415 357 1495 sumpsit
386 1415 523 1477 nondum
553 1424 670 1498 potest.
712 1417 969 1478 Dinurnerandae
998 1423 1073 1478 aute
1099 1425 1175 1479 sunt
1202 1413 1319 1476 civita-

220 1524 296 1587 tium
318 1533 439 1608 partes,
463 1527 516 1608 qui
536 1535 612 1590 sunt
633 1528 806 1610 agricolae,
823 1525 970 1609 opifices,
987 1517 1191 1604 mercatores,
1205 1521 1320 1609 θῆτες,

222 1634 350 1715 milites,
374 1636 509 1716 copiosi,
531 1637 741 1720 magistratus
758 1624 811 1712 (τό
825 1630 905 1722 περί
920 1623 981 1708 τοὶς
995 1622 1099 1719 ὀρχός
1117 1626 1320 1719 λειτουργοῦν

217 1735 349 1824 μέρος),
371 1743 447 1804 iuris
472 1744 720 1829 disceptatores,
743 1746 867 1809 concilii
888 1745 970 1807 socii
988 1733 1043 1818 (τό
1058 1731 1319 1825 βουλευόμενον).

219 1851 344 1913 Horum
374 1850 497 1934 quidem
529 1858 660 1915 munera
692 1853 724 1914 in
757 1872 850 1914 unum
883 1851 970 1934 plura
1002 1853 1137 1916 conferri
1165 1858 1317 1933 possunt3

220 1957 337 2020 divites
361 1967 465 2020 autem
489 1968 524 2022 ut
546 1960 609 2020 sint
631 1959 733 2020 eidem
755 1967 787 2020 et
807 1977 978 2040 pauperes,
991 1957 1059 2020 lieri
1079 1978 1235 2040 nunquam
1255 1977 1318 2039 po-

221 2072 294 2126 test.
344 2063 453 2142 Quare
474 2083 533 2127 cae
554 2066 645 2147 ipsae
673 2067 864 2146 praecipuae
891 2055 967 2126 esse
997 2065 1148 2127 videntur
1177 2065 1318 2128 civitatis

220 2179 338 2252 partes,
355 2191 489 2254 eamque
504 2172 543 2233 ob
565 2191 694 2236 causam
717 2174 1014 2255 rerumpublicarum
1037 2173 1099 2236 dno
1120 2173 1319 2254 potissimum

224 2297 356 2359 genera,
379 2273 583 2363 δημοκρατία
604 2289 637 2342 et
659 2269 838 2366 ὀλιγαρχιόι.
882 2285 948 2346 lam
966 2287 1072 2364 capite
1086 2281 1141 2362 V,
1163 2289 1240 2363 quot
1257 2281 1322 2343 sint

223 2377 441 2469 δημοκρατίαι
462 2394 494 2448 et
518 2373 717 2470 ὀλιγαρχίαι,
746 2391 915 2470 exponitur
942 2397 975 2452 et
1004 2407 1067 2470 qua
1093 2388 1216 2449 ratione
1238 2387 1319 2449 inter

223 2507 259 2551 se
291 2489 449 2553 differant.
503 2494 586 2554 Sunt
618 2501 724 2554 autem
758 2487 982 2578 δημοκρατίας
1011 2493 1140 2574 species
1174 2492 1319 2574 quinquo,

223 2619 352 2682 quarum
375 2609 480 2663 tamen
504 2621 580 2686 una,
612 2603 729 2685 inqua
760 2623 822 2665 non
851 2604 943 2684 leges
972 2603 1147 2683 imperant,
1176 2599 1236 2661 sed
1265 2620 1322 2680 per

222 2706 345 2786 plebem
368 2717 518 2788 geruntur
541 2711 657 2790 omnia,
681 2701 835 2770 πολιτεία
861 2719 996 2772 estnon
1019 2727 1072 2790 re,
1104 2707 1164 2771 sed
1186 2706 1320 2768 nomine.

221 2799 421 2898 Ὀλιγορχίας
441 2834 520 2876 vero
542 2823 615 2877 sunt
634 2817 762 2896 specics
785 2824 952 2897 quattuor,
975 2834 1106 2896 quarum
1129 2811 1161 2877 in
1182 2811 1320 2874 deterri-

223 2941 307 2984 mam
330 2941 411 3006 quae
432 2943 510 2987 vera
530 2937 579 2988 est
600 2926 698 2988 factio
722 2915 929 3000 (δυναστεία)
952 2923 1035 2986 idem
1059 2923 1162 3002 cadit,
1185 2919 1268 3004 quod
1290 2918 1321 2980 in

223 3030 318 3094 istam
343 3027 573 3118 δημοκρατίαν.
625 3034 772 3114 Denique
799 3032 914 3114 quibus
942 3033 1048 3093 causis
1070 3031 1245 3114 quibusque
1266 3045 1323 3089 ra·

224 3138 362 3202 tionibus
393 3141 463 3218 liat,
497 3147 533 3201 ut
565 3138 713 3202 diversae
743 3141 882 3201 oriantur
913 3142 1041 3226 species
1072 3126 1261 3220 ὀλιγαρχίας
1288 3143 1322 3199 ct

223 3238 455 3332 δημοκρατίας,
476 3245 662 3309 enucleatur
683 3245 788 3328 capite
811 3246 867 3310 Vl.

217 3521 353 3596 Ἔπειτα
372 3527 423 3606 τίς
441 3522 611 3620 κοινοτοίτη
632 3529 687 3597 καὶ
706 3529 758 3608 τίς
780 3519 983 3618 αἱρετωτάτη
1003 3518 1166 3615 μεταίτην
1187 3517 1323 3615 ἀρίστην

226 3637 406 3719 πολιτείαν,
420 3632 478 3704 udo
497 3639 530 3705 εἲ
542 3663 594 3716 τις
613 3633 697 3728 ὀλλη
710 3631 884 3726 τετύχηκεν
891 3628 1144 3728 ἀριστοκρατικῇ
1164 3634 1219 3700 καί
1231 3655 1323 3702 συνε-

225 3746 337 3813 στῶσα
363 3748 478 3824 καλοῖς·
505 3740 590 3812 ὀλλό
616 3751 691 3825 ταῖς
712 3747 884 3826 πλείσταις
905 3739 1114 3836 ἁρμόττουσα
1135 3736 1255 3813 πόλεσι
1273 3743 1324 3824 τίς

556 3851 644 3920 ἐστιν
666 3849 835 3936 (nativ.
856 3859 998 3934 7-11.).

727 4019 754 4087 d.
777 4015 829 4078 59.

222 4133 248 4154 ”
308 4132 483 4214 Postquam
507 4111 701 4195 Aristoteles
721 4141 800 4214 quot
820 4131 884 4193 sint
903 4120 1120 4213 δημοκρατίαι
1138 4135 1171 4192 et
1189 4117 1322 4212 ὀλιγαρ-

220 4233 296 4319 χίαι
318 4241 487 4325 exposuit,
523 4241 702 4324 speraverit
731 4239 887 4324 quispiam
920 4237 989 4301 loro
1020 4245 1055 4300 ut
1088 4234 1223 4318 doceat,
1265 4253 1326 4299 eac
