3118 4914
679 313 909 408 4105..

239 529 354 611 qnibus
391 532 655 598 accommodatae
688 536 753 598 sint
788 537 913 619 populls
949 544 982 598 et
1019 553 1082 617 qua
1111 534 1232 597 ratione
1263 551 1344 596 coo·

238 639 416 700 stituantnr'.
468 641 512 702 At
540 659 620 704 vero
648 642 820 724 disputatio
849 642 890 703 de
913 661 953 704 eo
978 649 1084 724 statu,
1110 643 1163 724 qni
1185 641 1344 722 plerisque

237 743 425 810 civitatibus
446 752 612 828 convenit,
635 767 731 831 quum
746 749 808 814 hac
818 751 1018 830 potissimum
1034 751 1236 812 Politicorom
1253 755 1344 830 parte

242 860 452 935 tractaretur,
482 857 708 938 quamprimum
737 856 797 918 fnit
823 865 857 918 et
887 855 1081 918 instituenda
1111 865 1144 918 et
1175 855 1216 917 ad
1246 855 1340 916 linem

239 957 455 1042 perducenda
499 961 579 1022 Eam
603 969 707 1024 aulem
730 963 813 1025 nullo
836 962 930 1024 modo
952 963 1169 1044 suscipiente
1192 962 1342 1042 potuisse,

240 1092 335 1156 quarn
358 1075 398 1138 de
415 1078 588 1158 generibus
605 1067 794 1166 ὀλιγαρχίας
812 1091 845 1144 et
864 1074 1086 1166 δημοκρατίας
1102 1080 1219 1143 dictum
1238 1089 1342 1162 esset,

241 1191 273 1246 et
302 1204 345 1247 ex
373 1186 446 1248 eius
477 1187 580 1268 ipsios
604 1199 716 1252 natura
739 1191 840 1272 liquet
861 1199 895 1252 et
917 1211 959 1252 ex
980 1191 1089 1254 verbis
1111 1209 1195 1274 quae
1217 1199 1291 1252 aunt
1311 1191 1342 1252 in

243 1291 312 1353 Pol.
334 1292 392 1354 1v.
413 1293 444 1356 8
467 1289 686 1378 Φανερωτέρα
712 1284 774 1380 peip
801 1282 824 1378 ἦ
851 1281 986 1375 δύναμις
1007 1285 1107 1380 αὐτῆς
1127 1291 1203 1380 (τῆς
1223 1293 1344 1358 καλου-

242 1396 343 1486 μένης
362 1397 549 1479 πολιτείας)
570 1400 793 1490 διωρισμένων
812 1401 878 1468 τῶν
899 1401 979 1491 περὶ
1000 1395 1189 1492 ὀλιγαρχίας
1210 1401 1265 1467 καί
1286 1401 1345 1490 dp·
1439 1449 1448 1458 .

243 1503 431 1596 μοκρατίας.
454 1511 574 1574 Unus·
587 1513 682 1596 igitur
704 1513 744 1576 de
767 1507 971 1597 δημοκρατίᾳ
993 1521 1025 1574 et
1053 1502 1224 1597 ὀλιγαρχίᾳ
1253 1513 1344 1574 locos

244 1619 486 1700 pertractandus
514 1620 574 1682 fuit
601 1629 675 1683 ante
712 1623 931 1703 quaestionem
954 1622 994 1685 de
1015 1629 1102 1684 statu
1124 1621 1347 1685 communiore.

244 1727 336 1805 Quae
367 1728 443 1788 item
478 1735 553 1788 ante
588 1727 783 1790 instituenda
819 1729 899 1809 luit,
936 1747 1030 1808 qnam
1075 1730 1161 1790 iuste
1193 1727 1346 1810 explicari

242 1841 367 1914 posset,
400 1827 604 1917 δημοκρατία
635 1843 667 1896 et
699 1823 870 1919 ὀλιγαρχία
901 1837 1015 1917 quibus
1047 1845 1142 1918 aptae
1172 1844 1281 1898 essent
1311 1844 1345 1899 et

245 1940 403 2021 quomodo
443 1941 663 2006 conderentur.
738 1946 830 2008 llaec
865 1943 905 2007 de
941 1965 1046 2006 rerum
1083 1945 1191 2006 ordine
1227 1955 1259 2007 et
1293 1943 1345 2006 dl·

244 2049 428 2128 spositione.
496 2053 564 2112 lam
604 2051 798 2114 accedamus
831 2051 871 2115 ad
909 2052 1155 2134 disputationem
1185 2050 1225 2113 de
1260 2057 1348 2112 statu

242 2156 465 2218 communiore.
518 2157 680 2235 Quaerere
718 2159 814 2242 igitur
850 2158 1012 2220 Aristoteli
1048 2158 1243 2239 propositum
1275 2163 1344 2237 cst,

244 2262 377 2342 primum
411 2271 444 2325 et
475 2265 675 2344 potissimum
708 2284 791 2348 quae
820 2267 862 2328 sit
892 2267 1073 2348 respublica
1094 2267 1230 2328 maxime
1252 2282 1345 2326 ccm-

243 2369 367 2450 munis‚
390 2377 422 2430 et
451 2389 605 2452 quaenam
627 2373 744 2454 optima
765 2381 893 2456 praeter
914 2393 994 2438 vere
1025 2374 1344 2455 ριτοιίιοιίιιίοιτοι,

244 2475 360 2538 deinde
381 2477 477 2540 etiam
500 2495 622 2562 ecquae
644 2459 726 2544 aliae
748 2482 812 2546 sint
833 2483 983 2547 civitates
999 2470 1265 2567 ἀριστοκρατικαὶ
1283 2480 1344 2558 (ci.

246 2587 314 2649 l’ol.
337 2588 394 2648 lV.
414 2589 472 2663 2.).

316 2698 411 2778 Hane
428 2698 525 2782 igitur
542 2698 788 2782 disputationem
808 2700 852 2760 lta
870 2696 1015 2780 instituit,
1037 2704 1070 2759 nt
1084 2695 1136 2777 (id
1153 2697 1238 2779 quod
1253 2697 1347 2761 huius

245 2803 313 2866 libri
332 2805 362 2865 io
382 2825 450 2886 cap.
463 2806 722 2885 repromiserat)
743 2807 837 2868 etiam
856 2804 943 2868 dicat
964 2805 1004 2868 de
1023 2805 1201 2887 tyrannide.
1234 2807 1344 2885 Quare

243 2912 284 2973 ab
307 2911 395 2974 initio
425 2921 589 2975 enumerat
616 2915 754 2995 quinque
782 2912 1081 2994 rerumpublicarum
1112 2931 1252 2993 genera,
1282 2914 1346 2974 im·

246 3019 367 3101 perium
388 3018 561 3102 singulare,
581 3008 780 3103 ὀλιγαρχίαν,
797 3007 1059 3102 ἀριστοκρατίαν,
1077 3011 1255 3080 πολιτείαν.
1279 3021 1345 3082 lam

244 3129 285 3204 ad
308 3119 560 3216 ἀριστοκρατίαν
586 3131 715 3214 propius
743 3129 907 3194 accedens
937 3140 1063 3213 praeter
1084 3133 1235 3211 optimam
1257 3151 1346 3194 rem-

207 3303 210 3312 ,
246 3236 402 3320 publicam
425 3257 499 3302 esse
521 3241 565 3303 ait
586 3229 838 3326 ἀριστοκρατίας
854 3249 936 3320 tros3
959 3257 1064 3319 unam,
1084 3257 1179 3320 quum
1198 3258 1259 3300 nou
1277 3238 1347 3300 vir-

245 3349 324 3412 tutis
336 3350 440 3411 solum
452 3349 482 3410 in
495 3348 651 3431 eligendis
663 3348 913 3432 magistratibus,
935 3367 1047 3412 verum
1069 3359 1101 3412 et
1120 3347 1299 3410 divitiarum
1315 3355 1349 3412 et

247 3447 354 3542 populi
378 3457 530 3520 rationem
554 3455 688 3537 habent3
705 3457 849 3534 alteram,
868 3474 962 3538 quum
976 3474 1038 3517 oon
1056 3454 1185 3517 divitias
1200 3461 1349 3535 spectant

247 3566 307 3628 sed
329 3566 479 3628 virtutem
502 3573 534 3628 et
555 3564 723 3647 populum3
745 3565 869 3628 tertiam
892 3580 974 3639 eam,
995 3580 1079 3643 quae
1101 3562 1142 3625 ad
1163 3551 1350 3648 ὀλιγαρχίαν

247 3670 353 3759 magis
375 3677 511 3742 inclinat.

329 3779 505 3848 Πολιτείαν
526 3803 605 3847 vero
623 3801 700 3857 esse
725 3789 842 3848 statum
866 3801 908 3844 ox
930 3770 1100 3866 ὀλιγαρχίᾳ
1124 3782 1294 3846 conflatum
1316 3793 1349 3849 et

249 3908 292 3950 ex
313 3876 547 3973 ἀριστοκρατίᾳ
578 3909 604 3954 s.
640 3890 771 3952 mixtum
798 3906 839 3948 ex
870 3886 1020 3951 divitibus
1044 3895 1076 3950 et
1101 3906 1120 3948 e
1146 3889 1348 3970 pauperibus.

248 3998 359 4060 'l'alern
391 3999 487 4080 igitur
520 4017 597 4062 esse
635 3998 860 4080 rempublicam
901 3999 1165 4079 communiorem,
1213 4015 1349 4079 eamque

249 4107 398 4189 optimam
412 4116 538 4188 praeter
561 4126 671 4170 veram
688 4095 951 4193 ἀριστοκρατίαν,
973 4104 1003 4165 io
1026 4124 1088 4186 qna
1112 4123 1217 4186 neque
1244 4108 1347 4166 virtus

250 4215 424 4298 negligitur
452 4216 483 4278 in
518 4213 675 4295 eligendis
698 4214 938 4300 magistratibus
959 4232 1064 4297 neque
1086 4212 1218 4277 divitiae
1245 4230 1349 4293 oeque
