3118 4914
645 312 901 399 enr-

234 491 398 578 διαμὲνειν
426 485 473 581 μή
494 494 565 570 τοῖς
584 483 698 576 νόμοις
719 489 773 556 καί
796 495 868 568 τοῖς
889 483 987 574 ἔθεσι
1009 479 1047 557 εὖ
1073 490 1289 578 συγκειμένην
1312 481 1336 558 ἃ

230 599 743 691 δὲφθείρεικσυμβαίνει
763 599 832 666 καλ
851 585 1003 688 ταύτὴν
1023 600 1092 666 καί
1112 594 1188 679 τῶς
1207 594 1335 679 ἄλλος

231 706 452 786 πολιτείας
472 708 638 799 εἴρηται
658 699 871 798 πρότερον
892 699 941 774 τα
963 709 1145 774 πλεῖστα
1161 699 1331 790 σχεδόν.

233 807 326 904 Πρός
347 814 385 882 δὲ
414 808 454 882 τό
480 804 679 881 καθιστάναι
705 807 825 903 ταύτην
853 807 913 903 τήν
943 812 1163 903 ᾄημοκρστίαν
1178 891 1180 896 ,
1196 813 1250 881 καί
1278 806 1334 880 τόν

230 924 332 1012 δῆμον
348 925 457 990 ποιεῖν
478 914 610 1011 ἰσχυρόν
629 911 790 988 εἰώθασιν
812 917 844 987 οἱ
864 921 1071 1010 προεστῶτες
1090 919 1139 1006 τῶ
1159 921 1334 1009 προσλαμ-

232 1023 344 1116 βάνειν
355 1057 383 1098 κ.
390 1030 456 1096 τί,
480 1034 591 1098 Verba
604 1032 720 1112 quibus
731 1032 807 1095 iiber
816 1033 857 1096 V.
872 1033 986 1096 citatur
1003 1049 1244 1114 supervacanea
1258 1050 1334 1096 osse

235 1142 330 1208 iaoile
350 1141 481 1221 sentiet,
503 1139 557 1221 qui
578 1137 805 1200 sententiarum
828 1137 1081 1220 coniurationem
1103 1137 1314 1220 perpenderit

313 1251 501 1312 Postremus
521 1248 594 1312 hio:
627 1246 695 1312 Pol.
718 1247 774 1309 vt.
796 1247 825 1310 5.
867 1236 931 1310 Διό
953 1244 1017 1327 δεῖ,
1047 1243 1145 1332 περὶ
1174 1237 1228 1312 ῶν
1257 1269 1330 1312 τε-

230 1344 444 1442 θεῶρηται
465 1342 688 1440 πρότερον,
708 1349 825 1428 τίνες
845 1351 1059 1442 σωτηρίαι
1080 1352 1148 1418 καί
1169 1355 1332 1442 φθοραί

229 1461 306 1526 τῶν
328 1460 567 1544 πολιτειῶν,
589 1457 631 1526 ἐκ
650 1450 802 1526 τούτων
815 1459 1001 1548 πειρᾶσθαι
1012 1454 1263 1540 κατασκευάζειν
1274 1454 1332 1550 τῆν

231 1555 425 1658 ἀσφάλειαν,
444 1560 701 1652 εὐλαβουμένους
719 1565 779 1650 μὲν
798 1558 841 1632 τοὶ
861 1565 1056 1655 φθείροντα,
1078 1567 1274 1652 τιθεμένους
1294 1567 1331 1635 ot

229 1666 395 1754 τοιούτους
414 1668 534 1759 νόμους
559 1673 613 1739 καὶ
638 1666 716 1751 τούς
747 1663 916 1762 οἷμροίφους
935 1696 964 1738 κ.
986 1697 1015 1738 τ.
1035 1673 1063 1738 λ.
1114 1679 1225 1742 Verba
1250 1671 1331 1764 περλ

228 1771 274 1846 ῶν
293 1772 502 1871 τεθεώρηται
523 1763 684 1868 πρότερον
694 1804 755 1846 σου
769 1801 846 1846 esse
858 1782 1046 1860 inducenda,
1058 1783 1116 1846 sed
1139 1785 1333 1850 immutando

229 1894 259 1955 in
280 1889 360 1980 roupi
379 1882 424 1957 ῶν
445 1881 662 1980 θεοιρήσομεν
678 1882 815 1982 ὕστερον
836 1900 926 1953 roote
948 1894 1114 1954 annotavit
1126 1893 1331 1978 Spengolius.

314 2003 474 2082 Quattuor
504 2013 611 2066 autem
633 2001 723 2064 loeos
749 2003 829 2063 istos
856 1999 1033 2083 iniqueque
1059 2002 1089 2063 in
1118 2005 1331 2085 suspicionem

232 2120 349 2193 vooat,
387 2110 470 2195 quod
498 2131 538 2173 ne
570 2129 632 2172 uno
663 2109 788 2188 quidem
817 2104 881 2170 τῶν
902 2105 1092 2189 μεταβολῶν
1121 2115 1239 2176 mentio
1268 2123 1328 2176 est.

230 2220 379 2303 Namque
402 2219 596 2298 Aristoteles
629 2218 700 2299 ipse
727 2217 758 2280 in
781 2217 837 2279 tv.
869 2217 918 2277 tt.
951 2217 1062 2280 tibrum
1085 2219 1128 2282 V.
1161 2222 1328 2288 ita'oitatt

235 2319 301 2416 Τήν
327 2327 357 2391 δ’
379 2322 487 2392 αἰτίαν
507 2316 644 2412 ὕστερον
675 2321 708 2388 ἐν
729 2320 934 2409 τοῖςπερὶ
965 2315 1042 2399 τοὶς
1071 2321 1330 2408 μεταβολας

227 2435 290 2501 τῶν
310 2432 483 2501 πολιτειῶν
498 2425 644 2522 ἐροῦμεν.
667 2469 708 2480 -
728 2435 846 2516 Neque
867 2436 947 2494 v'ero
967 2433 1051 2515 apud
1073 2437 1279 2498 Aristotelem
1301 2439 1330 2501 si

225 2551 370 2629 superior
391 2547 504 2610 uitetur
526 2544 717 2626 disputatio,
749 2562 790 2605 oa
828 2561 888 2625 qno
912 2541 952 2604 de
972 2562 1007 2604 re
1028 2544 1070 2608 sit
1089 2543 1249 2628 instituta,
1271 2546 1332 2610 de-

226 2654 307 2717 finiri
342 2657 433 2720 soter.
477 2653 637 2732 Quattuor
671 2653 766 2738 igitur
798 2653 840 2715 ilii
873 2654 933 2717 iooi
966 2654 1039 2736 quin
1069 2655 1132 2720 sint
1161 2659 1330 2744 suppositi,

226 2764 359 2828 dubitari
371 2785 432 2828 uon
445 2774 562 2846 potest.
590 2767 704 2847 ltaque
715 2764 792 2827 libro
809 2763 851 2827 V.
864 2764 1016 2846 reposito,
1031 2783 1204 2848 pergemus
1222 2766 1262 2829 ad
1272 2767 1330 2832 Vi.

723 3006 751 3075 S.
777 3003 827 3064 65.

356 3153 395 3200 De
413 3150 607 3202 construenda
629 3147 802 3218 δημοκρατίαις
830 3153 857 3200 et
874 3152 1024 3218 ολιγαρχίαις
1041 3151 1196 3219 (P01.V1.).

289 3291 481 3354 Aristoteles
490 3301 655 3374 postquam
669 3292 763 3353 huius
778 3291 1001 3373 disputationis
1011 3293 1173 3357 exordium
1185 3295 1269 3377 quod
1280 3303 1332 3358 est

223 3404 254 3464 in
277 3401 378 3464 tribus
398 3401 467 3464 iibri
487 3402 545 3464 1v.
565 3399 723 3482 capitibus
745 3401 945 3482 conseripsit,
969 3419 1039 3463 eam
1052 3405 1154 3482 ipsam
1170 3404 1329 3484 quomodo

224 3509 389 3572 instituere
411 3510 500 3591 velit,
511 3526 582 3590 enp.
593 3511 615 3573 t.
623 3514 714 3590 parte
722 3508 825 3589 priore
835 3506 992 3587 aperit3et
1000 3505 1050 3570 his
1063 3509 1188 3588 quidem
1203 3512 1329 3578 verbim

223 3604 312 3680 Ἐπεί
324 3611 364 3683 δὲ,
373 3604 545 3700 τετύχηκεν
557 3610 630 3700 εἴδη
642 3605 748 3676 πλείω
760 3604 983 3696 δημοκρατίας
993 3599 1071 3675 ὅντα
1082 3609 1138 3676 καί
1148 3609 1213 3676 τῶν
1222 3602 1330 3681 ίίλλοιν

226 3713 351 3802 ὁμοίως
373 3718 568 3800 πολιτειῶν,
587 3711 657 3803 ἅμα
670 3725 696 3795 ¹)
716 3739 754 3783 τε
776 3713 856 3804 περὶ
878 3709 1008 3782 ἐκείνων
1028 3718 1114 3783 εἴτι
1134 3711 1268 3803 λοιπόν,
1290 3714 1330 3789 οὐ

227 3829 336 3914 χεῖρον
369 3823 623 3917 ἐπισκέψασθαι
652 3822 707 3890 καλ
735 3819 792 3890 τόν
812 3817 933 3890 οίκεῖον
960 3823 1015 3891 καί
1043 3818 1099 3892 τὸν
1119 3827 1329 3919 συμφέροντα

224 3925 348 4020 τρόπον
374 3926 557 4000 ἀποδοῦναι
581 3925 667 4023 πρὸς
695 3922 834 4020 ἑκάστην
867 3981 874 3996 .
900 3922 972 3998 ’Ἔτι
1000 3932 1038 4000 δὲ
1065 3929 1207 4014 καὶτοῖς
1235 3959 1330 4004 συνα·

243 4170 274 4235 t)
293 4171 345 4222 Pro
354 4166 452 4222 “AMA
470 4175 686 4230 suartituooouu
704 4193 765 4231 rese
783 4179 890 4231 videtur
902 4177 1027 4236 MA.
