3118 4914
651 325 881 392 ..103-

216 516 445 598 rebuspublicis
467 517 497 580 iu
520 509 702 584 uuiversum
725 530 918 602 exponeret
939 522 980 586 de
1001 537 1191 608 unaquaque
1217 540 1321 608 sapa-³

217 625 325 704 ratim3
362 624 420 686 sed
449 633 555 706 aptum
591 626 772 690 iaciendum
808 639 883 692 ante
915 647 989 692 asso
1025 632 1198 694 exordium.
1233 634 1317 706 (Pol.

217 731 327 794 tum.
343 720 451 796 Ποίλιν
472 729 510 796 δὲ
533 729 699 820 καὶκοινῇ
720 732 775 800 καὶ
796 732 897 822 χωρίς
917 727 1155 824 περίιὲκοίστης
1175 737 1319 824 λέγωμεν

214 835 377 925 περὶτῶν
398 835 530 926 ἐφεξῆς,
551 828 708 922 ίαβόιτος
726 831 828 929 α’ρχὴν
848 832 906 928 τήν
926 833 1156 930 προσήκουσαν
1176 839 1318 922 abacia).

716 1039 744 1108 S.
769 1035 819 1096 62.

357 1165 397 1214 De
415 1163 606 1228 disputationis
623 1165 672 1217 lV.
690 1169 805 1220 exordio
823 1166 897 1232 (Ροί.
914 1171 964 1222 lv.
983 1171 1027 1222 14.
1047 1169 1092 1222 lb.
1113 1169 1179 1226 tut.
1301 1227 1303 1232 ,
1391 1186 1394 1190 ·

299 1281 420 1345 Rerum
436 1292 568 1346 naturae
582 1289 779 1350 convenicus
795 1297 968 1370 aptumque
985 1288 1151 1352 exordium
1166 1307 1204 1349 se
1218 1305 1315 1368 prae·

218 1389 392 1470 positurum
425 1391 608 1473 pollicitus,
641 1396 833 1460 Aristoteles
864 1397 1081 1478 quaestionem
1114 1394 1246 1458 instituit
1277 1393 1317 1454 de

215 1497 321 1558 tribus
343 1498 483 1562 civitatis
511 1503 665 1582 partibus.
719 1503 812 1580 Quae
840 1504 869 1565 si
899 1512 986 1564 recte
1015 1521 1052 1564 aa
1080 1501 1217 1580 babent,
1246 1507 1316 1562 tota

217 1623 353 1666 necesse
376 1615 426 1668 ast
447 1617 535 1671 racto
562 1628 599 1670 se
628 1609 744 1672 babeat
772 1611 969 1691 respublica3
1000 1628 1083 1690 quae
1111 1613 1138 1672 si
1168 1609 1250 1670 iuter
1277 1627 1314 1670 so

216 1709 416 1792 discrepant,
446 1713 670 1796 discrepabunt
698 1718 792 1779 etiam
823 1717 1016 1798 reipublicae
1047 1719 1177 1780 lormae.
1232 1716 1315 1778 Sunt

214 1827 318 1880 autern
349 1821 514 1884 concilium
542 1811 597 1898 (τό
622 1809 893 1904 βουλευόμενον),
925 1827 1134 1906 magistratus
1167 1813 1311 1908 (ἀρχαί),

215 1926 363 1992 iudicium
388 1918 443 2000 (τὸ
465 1917 621 2006 δικάζον).
663 1933 713 1993 De
733 1932 850 2014 quibus
872 1931 1022 2010 deinceps
1045 1933 1263 2012 disputabitur.

315 2037 375 2097 lust
398 2037 497 2118 igitur
528 2037 665 2118 concilii,
688 2037 863 2100 deliberare
885 2038 924 2098 de
946 2039 1039 2115 bello,
1061 2057 1151 2120 paco,
1175 2037 1216 2099 de
1238 2039 1313 2099 foe·

214 2143 353 2226 deribus,
376 2147 512 2230 legibus,
535 2147 675 2211 iudicare
696 2146 736 2209 dc
760 2149 884 2210 civibus
912 2156 1012 2208 morte
1039 2147 1227 2208 mulctandis
1256 2153 1313 2210 aut

215 2254 323 2326 exilio,
348 2257 503 2317 rationem
521 2273 693 2336 reposcere
712 2275 732 2318 a
750 2256 999 2337 magistratibus.
1024 2255 1116 2333 Quae
1131 2273 1184 2318 res
1203 2267 1313 2317 omnes

213 2369 269 2422 aut
302 2361 341 2422 ab
381 2361 525 2424 omnibus
553 2361 690 2426 discerni
720 2371 854 2444 possunt
884 2373 939 2425 out
970 2382 989 2425 a
1019 2362 1228 2446 quibusdam,
1257 2373 1312 2424 aut

215 2468 296 2530 oliae
318 2467 358 2528 ab
380 2467 538 2548 omuibus,
560 2487 580 2530 a
603 2469 789 2552 quibusdam
804 2472 894 2532 aliae.
918 2469 1025 2547 Quum
1045 2471 1182 2531 omnium
1206 2486 1315 2530 rerum.

214 2575 397 2637 deliberatio
418 2575 611 2637 transfertur
630 2575 672 2636 ad
694 2555 818 2653 omues,
841 2586 891 2638 cst
912 2577 941 2637 is
964 2575 1085 2656 quidem
1108 2575 1224 2635 modus
1247 2570 1310 2657 δη·

213 2669 365 2762 μοτικόςς
386 2702 442 2762 per
462 2684 605 2764 singulos
628 2691 733 2745 autem
754 2702 848 2763 quum
869 2695 1022 2765 geruntur
1039 2687 1153 2760 omnia,
1176 2670 1310 2764 ὀλιγαρ-

211 2777 310 2868 χικός.
334 2789 399 2868 Qui
420 2789 545 2872 quidem
568 2790 651 2852 modi
674 2791 734 2871 ipsi
757 2811 853 2873 quum
877 2792 956 2854 varii
978 2809 1053 2854 esse
1074 2793 1206 2873 possint,
1228 2808 1309 2853 suus

212 2899 328 2981 cuique
357 2898 553 2962 distribuitur
586 2901 780 2982 reipublicae
806 2901 929 2984 generi.
986 2901 1021 2964 Si
1052 2909 1157 2962 autem
1193 2899 1310 2962 domiui

212 3006 344 3068 aliarum
366 2995 469 3069 rerum
494 3008 626 3090 singuli,
647 3010 778 3070 aliorum
800 3027 911 3071 omues
926 3017 1010 3088 sunt,
1026 3009 1138 3072 modus
1161 3009 1201 3071 ad
1223 3011 1311 3089 opti-

211 3115 340 3176 matium
363 3123 394 3176 ct
416 3113 456 3178 ad
479 3116 589 3196 populi
609 3123 727 3178 statum
744 3125 794 3178 est
808 3125 912 3197 aptus.
955 3118 1100 3199 Denique
1117 3118 1307 3180 Aristotelea

213 3218 368 3300 quaedam
391 3221 455 3282 alia
476 3218 600 3296 edocet,
623 3239 705 3304 quae
734 3223 872 3303 singulis
899 3220 1072 3303 expediunt
1099 3223 1309 3304 rerumpubli-

215 3342 324 3389 carum
345 3327 657 3392 conformationibus.

296 3441 362 3501 lam
386 3455 481 3518 quum
504 3435 546 3498 sit
566 3435 606 3496 de
628 3435 728 3498 altera
750 3435 889 3498 civitatis
911 3444 1001 3517 parte
1030 3432 1210 3512 dicendum,
1239 3435 1308 3512 pri·

210 3565 294 3610 mum
317 3545 523 3625 magistratus
546 3531 676 3628 (ἀρχαί)
699 3543 752 3624 qui
775 3543 839 3604 siut
861 3542 980 3622 delinit,
1002 3539 1115 3602 deindo
1138 3547 1217 3620 quot
1244 3541 1308 3602 sint

211 3653 337 3717 creandi
359 3654 390 3714 in
413 3652 654 3736 magnissqmt
676 3652 706 3711 in
739 3650 847 3731 parvis
874 3648 1069 3723 civitatibus,
1100 3657 1164 3710 tum
1195 3648 1309 3730 qualos

210 3761 346 3841 siugulis
368 3761 433 3840 apti
454 3761 518 3820 sint
545 3757 844 3837 rerumpublicarum
875 3755 1061 3837 generibus,
1093 3763 1255 3836 postremo
1277 3757 1308 3818 iu
1357 3735 1363 3746 ⁶

211 3857 398 3952 ὀλιγαρχίᾳ,
427 3867 457 3928 io
480 3857 700 3950 δημοκρατίᾳ,
721 3864 753 3925 in
776 3857 928 3944 πολιτείᾳ
948 3882 974 3925 s.
996 3850 1232 3948 ἀριστοκρατίᾳ
1251 3884 1308 3945 per

212 3995 304 4060 quos,
328 3995 370 4038 ex
392 3975 505 4060 quibus
527 3983 559 4036 et
580 3993 642 4056 qua
663 3974 784 4035 ratioue
805 3973 990 4056 deliguntur.

296 4085 441 4167 Denique
470 4083 583 4147 eodem
610 4081 705 4144 modo
738 4081 832 4164 dicit,
863 4091 896 4146 et
924 4091 1000 4167 quot
1031 4087 1095 4148 siut
1122 4082 1305 4146 iudiciorum

209 4193 354 4277 species,
383 4203 416 4258 et
444 4213 486 4258 ox
507 4193 643 4278 'quibus
656 4191 720 4256 siut
743 4191 821 4256 iuris
843 4191 1074 4275 disceptatores
1095 4199 1128 4255 et
1150 4190 1308 4275 quomodo
