3118 4914
250 533 336 619 λέγει
363 522 425 607 τοῖς
453 518 640 612 mauride
660 519 680 594 ὁ
699 516 883 614 Σωκράτης.
925 526 1042 610 Neque
1069 525 1215 590 Sooratis
1236 544 1351 589 nomeu

252 641 283 706 in
305 645 405 706 totlus
427 639 534 721 operis
555 637 619 702 dne
637 637 826 701 eollooaium
848 642 900 698 est
928 634 999 696 siue
1019 632 1164 696 oonsilio
1248 625 1251 630 ’

334 750 401 810 iam
422 753 531 810 autem
551 743 595 806 de
615 745 714 806 malus
735 742 803 806 libri
824 739 1009 824 integritate
1032 739 1066 800 si
1078 737 1271 831 quaerimus,
1285 737 1350 820 pri-

250 875 334 919 mam
364 853 607 934 disputationem
650 870 743 934 quam
775 850 852 914 ieeit
888 848 1148 932 quadripartitam
1192 847 1351 930 integram

251 980 327 1027 osse
347 979 391 1025 ex
413 967 625 1041 conputaret,
647 956 730 1040 quod
753 967 862 1039 paries
882 973 994 1020 omues
1015 955 1150 1036 uariauit
1171 952 1212 1018 ad
1236 953 1351 1017 fluam·

248 1086 313 1149 que
334 1065 491 1150 perduxit.
532 1062 687 1126 Adiunxit
713 1062 783 1126 dein
814 1061 1034 1145 quaestionem
1062 1058 1103 1122 de
1133 1063 1228 1124 unius
1247 1059 1351 1124 domi·-

251 1184 337 1238 uatu.
382 1173 485 1253 Quam
507 1169 634 1254 quidem
656 1187 733 1232 esse
753 1171 908 1250 mutilam,
929 1187 990 1230 non
1015 1166 1147 1230 dixerim
1162 1171 1199 1243 ¹).

190 1319 203 1330 ·
335 1285 386 1346 Ae
410 1281 452 1344 da
480 1280 561 1344 libro
593 1287 755 1362 postremo
784 1276 1027 1358 disputavimus.
1069 1277 1186 1358 Neque
1208 1276 1289 1340 enim
1312 1274 1353 1339 de

250 1392 385 1474 capitum
411 1389 520 1452 ordine
548 1395 582 1449 ai
608 1385 818 1468 dispositione
849 1399 985 1446 neeesse
1005 1380 1100 1446 habui
1122 1382 1237 1448 dioera.
1280 1385 1351 1448 De·

251 1499 346 1580 nique
368 1497 508 1559 breviter
529 1509 719 1578 quaeramus

742 1728 771 1798 ς.
794 1724 846 1787 69.

592 1848 632 1898 De
649 1847 786 1900 arretinos
803 1847 1003 1915 Gourluglanls,

332 1963 531 2044 Quibusdam
552 1966 594 2030 de
615 1967 709 2049 loeis,
739 1969 851 2051 quibus
883 1968 1029 2031 asterisci
1050 1986 1070 2030 a
1091 1965 1265 2049 Conriugio
1288 1964 1351 2028 ad·

249 2073 359 2154 soripli
388 2081 481 2154 suut,
513 2076 575 2137 iam
603 2073 755 2138 diximus.
798 2075 848 2138 De
875 2075 954 2140 loeis
980 2084 1088 2138 autem
1117 2075 1247 2158 reliquia
1269 2091 1351 2155 quae

249 2180 359 2241 notavi
381 2181 519 2242 breviter
540 2199 744 2262 exponere,a
766 2181 829 2246 fine
844 2183 936 2245 huius
950 2181 1175 2265 disputationis
1186 2201 1248 2246 uon
1270 2181 1351 2244 alie-

248 2303 322 2348 num
345 2287 436 2351 dueo.

332 2389 358 2460 l.
385 2395 576 2475 Plerumque
611 2394 708 2478 igitur
741 2391 936 2478 Contingius
973 2395 1070 2460 verba
1102 2399 1157 2458 vel
1188 2397 1351 2460 enuntiata

249 2501 366 2565 deesse
388 2498 571 2583 suspicatus
594 2511 656 2584 est,
680 2518 776 2585 quum
797 2511 854 2566 aut
875 2499 1132 2566 coniunctionum
1148 2505 1212 2566 vim
1228 2511 1260 2566 et
1279 2503 1352 2589 sig-

246 2609 457 2674 uidoaiiooem
470 2619 525 2674 aut
543 2629 614 2674 eam
630 2611 783 2674 rationem
805 2627 866 2672 non
888 2611 970 2673 satis
990 2612 1186 2692 exploratam
1205 2609 1350 2694 heberet,

246 2736 340 2799 quam
362 2719 392 2780 io
417 2717 603 2800 oopulaudis
632 2719 801 2782 sententiis
827 2719 1019 2782 Aristoteles
1041 2719 1198 2801 propriam
1218 2735 1349 2785 secutus

246 2836 297 2886 est
318 2834 351 2886 et
377 2825 578 2906 peculiarem.
621 2821 780 2905 Exempla
800 2841 864 2886 uon
887 2824 1045 2890 deliciunt.
1088 2827 1200 2892 Veluti
1218 2827 1351 2893 lacunas

247 2949 323 2994 esse
342 2932 477 3013 putavit,
499 2951 595 3014 quum
617 2933 780 3010 ignoraret
802 2949 893 2993 usum

332 3035 359 3104 1.
401 3037 580 3118 particulae
601 3022 656 3098 οὖν
677 3031 787 3118 (quam
798 3033 918 3099 Graeol
933 3034 1096 3118 adhibent,
1111 3040 1141 3100 sl
1155 3033 1237 3100 redlt
1252 3037 1352 3100 oratio

247 3142 332 3209 uude
354 3145 502 3219 deflexit)
510 3191 522 3226 ,
545 3147 575 3208 ln
598 3147 665 3212 Pol.
691 3149 715 3208 1.
740 3147 767 3209 1.
789 3149 820 3223 ς.
845 3150 927 3230 1⁸);
950 3151 975 3218 Ι,
995 3149 1027 3214 3.
1050 3155 1082 3228 ς.
1102 3150 1140 3237 53
1164 3151 1187 3212 l.
1210 3149 1241 3213 5.
1264 3157 1293 3226 s.
1314 3153 1353 3231 ⁶3

247 3255 271 3314 l.
291 3254 322 3316 8.
345 3261 374 3330 ς.
398 3251 457 3330 15;
486 3253 577 3316 11.7.
601 3245 688 3334 §.53
720 3254 753 3317 io
781 3255 824 3320 ill.
852 3252 883 3317 ³.
914 3253 1026 3334 §.1⁷3
1051 3257 1128 3325 Vll.
1162 3254 1210 3322 1⁷.
1241 3263 1270 3331 s.
1291 3257 1350 3338 253

244 3358 303 3425 Ν.
325 3357 356 3424 i.
378 3357 597 3441 §.231V.8.
620 3363 653 3438 ς.
676 3361 724 3424 14.

239 3493 541 3512 Q

258 3569 466 3636 euuangelias
486 3570 514 3623 Ιι
539 3563 768 3623 ουιιωιιιιιίιιι
785 3571 906 3639 (munel.
922 3573 986 3630 (iol.
1013 3571 1083 3626 Διι.
1099 3573 1120 3627 1.
1137 3572 1178 3639 o.)
1194 3569 1249 3627 ltat
1267 3573 1346 3638 „Das

306 3659 393 3712 irioiu
410 3657 509 3726 (duod)
526 3661 733 3726 unrousaaadig
756 3663 832 3714 hatte
856 3664 930 3714 seiae
946 3663 1034 3714 stelle
1048 3661 1106 3713 dem
1122 3665 1259 3729 recusem,
1276 3662 1348 3714 aral·

307 3755 382 3804 ehem
395 3755 567 3822 'weolgsreos
583 3751 631 3806 der
647 3755 759 3806 sellum
777 3755 851 3816 fehlt,
867 3754 1072 3820 eioaerdumi.“
1100 3754 1162 3820 Qua
1174 3757 1206 3806 da
1224 3767 1253 3806 re
1270 3768 1348 3808 meu-

308 3846 405 3898 tlouem
423 3862 477 3900 aon
495 3849 559 3900 ieoit
584 3849 612 3900 iu
630 3849 677 3900 illo
696 3848 798 3912 quidem
826 3849 921 3900 libello
939 3862 1015 3912 quem
1033 3851 1167 3902 subtiliter
1190 3849 1299 3914 sculpsit
1317 3851 1349 3902 de

311 3942 395 3998 urim
413 3927 489 3994 roa

260 4033 291 4097 2)
310 4033 340 4082 io
359 4027 408 4083 lae
426 4031 452 4096 Β.
467 4033 606 4101 conringii
616 4038 761 4092 aditionem
774 4051 884 4103 sequor,
894 4051 972 4104 quam
983 4039 1065 4092 edidit
1076 4040 1221 4093 Goebellus
1232 4038 1350 4102 (Brous-

309 4123 390 4189 vlssae
409 4125 515 4188 lm),
533 4129 629 4192 quippo
650 4129 677 4180 lu
703 4141 757 4196 que
775 4120 831 4182 loel
844 4129 983 4182 asmrlsols
1001 4131 1085 4182 setall
1102 4143 1181 4194 qoam
1198 4129 1226 4180 lu
1244 4129 1351 4180 Bekire-

311 4217 390 4270 riaua
408 4218 514 4270 iaeilius
527 4218 710 4275 inveniantur.
