3124 4918
199 545 265 598 tam
287 553 362 598 esee
383 547 573 619 querantur,
605 554 791 600 communes
820 547 929 602 eutem
955 537 1074 601 bebere
1102 556 1156 600 ree
1184 555 1298 600 umnec

199 645 327 708 difficile
338 654 390 708 est
403 656 435 710 et
449 647 599 709 lubricum
610 662 620 726 3
632 647 663 709 id
678 647 763 728 quod
777 648 883 710 multis
895 649 1117 730 comprobatur
1131 649 1297 729 exemplis.

199 755 354 816 Bonorum
377 762 483 816 autem
507 755 645 816 omnium
668 757 847 820 communic
870 773 966 837 quum
997 757 1077 818 alias
1105 757 1201 819 eriam
1231 755 1296 818 dil·

198 859 361 924 licultates
383 861 510 944 efferat,
534 862 668 924 dubitari
690 882 751 925 uon
773 871 902 944 potest,
931 864 1005 946 quin
1035 883 1075 926 ea
1102 864 1202 942 ratic,
1232 881 1296 944 qua

197 972 343 1034 homiues
375 974 474 1053 vulgo
503 982 650 1052 utuntur,
683 975 732 1036 sit*
753 975 849 1056 louge
878 974 1171 1056 praestantissima,
1200 973 1296 1036 mede

197 1079 290 1162 leges
307 1079 462 1142 accedent
479 1081 716 1162 incorruptique
735 1099 853 1143 mores.
876 1080 977 1144 Cives
994 1082 1074 1143 enim
1087 1081 1169 1142 berre
1184 1083 1297 1144 merati

197 1189 293 1251 rebus
313 1190 450 1270 propriis
472 1197 505 1252 et
517 1190 652 1270 privatis
664 1195 793 1251 utuntur
805 1188 898 1270 quael
915 1188 1145 1250 communibus.
1165 1187 1298 1267 Quanta

198 1309 249 1362 eet
277 1299 360 1362 euim
389 1301 484 1362 animi
514 1299 705 1380 delectatio,
735 1299 764 1360 ei
792 1299 889 1360 rebua
911 1297 1047 1377 propriis
1068 1313 1161 1376 cpem
1182 1296 1295 1357 amicis

114 1429 120 1438 ·
198 1408 282 1471 ferre
303 1399 502 1486 pessumae?
545 1406 590 1466 At
616 1404 784 1466 Platonem
813 1403 842 1464 si
869 1402 973 1464 secuti
1000 1402 1138 1481 erimus,
1166 1400 1296 1462 tolletur

198 1513 299 1574 cmuia
330 1512 382 1574 illa
414 1511 607 1589 delectatio,
638 1511 765 1574 tolletur
796 1509 969 1570 liberalitas
1001 1525 1041 1570 ec
1072 1509 1292 1588 temperantia.

198 1622 267 1686 Sed
288 1640 382 1704 quum
398 1622 492 1684 Plato
512 1622 691 1699 arbitretur,
714 1619 924 1700 querelarum,
948 1620 1199 1699 accusationum,
1223 1618 1296 1680 dia-

196 1733 345 1794 eidierum
368 1749 532 1794 numerum
553 1731 605 1793 illa
625 1730 751 1812 quidem
781 1730 855 1812 lege
881 1729 1031 1791 minutum
1061 1731 1114 1810 iri,
1142 1730 1293 1793 refellitur

197 1839 275 1902 haec
296 1841 409 1921 opinio.
453 1842 597 1922 Denique
619 1841 712 1919 fons,
747 1837 830 1900 uude
859 1838 999 1898 urenevit
1028 1838 1130 1899 omnis
1152 1837 1294 1900 Platceie

197 1966 296 2028 error,
320 1949 491 2032 indagetur
519 1957 552 2011 et
579 1957 780 2010 monstratur.
822 1949 914 2010 Haec
935 1946 974 2008 de
995 1947 1135 2009 civitatis
1158 1946 1292 2027 legibus.

196 2058 264 2118 lam
292 2053 333 2115 ad
362 2055 555 2136 reipublicae
583 2064 701 2116 etatum
730 2052 967 2116 diiudicandum
996 2055 1109 2135 pergit.
1153 2055 1290 2116 Primum

195 2163 291 2244 igitur
313 2161 405 2224 Plato
427 2161 716 2244 reprehendendus,
741 2163 829 2244 quod
849 2162 888 2225 de
910 2163 1096 2226 custodibus
1124 2165 1204 2226 solie
1237 2163 1287 2225 di-

196 2279 332 2351 sputans
351 2269 392 2332 dc
412 2271 482 2332 aliis
504 2271 642 2349 civibus,
665 2271 706 2333 de
727 2291 835 2334 eorum
856 2273 988 2336 vivendi
1010 2292 1143 2356 genere,
1164 2271 1295 2334 institu-

194 2379 345 2459 tionibuS,
366 2379 490 2461 legibue
512 2363 588 2441 nihil
610 2379 751 2442 exbibet.
793 2381 879 2443 Nam
905 2379 1014 2458 liberi,
1043 2397 1182 2459 uxeres,
1209 2380 1292 2442 bcua

195 2486 271 2547 aive
291 2501 476 2548 communes
499 2491 594 2564 aunt,
622 2483 693 2545 sive
722 2467 858 2565 pricati,
889 2492 937 2547 tct
966 2484 1109 2547 oriuntur
1129 2491 1162 2546 et
1182 2492 1292 2547 tantae

194 2590 419 2670 difficultates,
442 2598 477 2651 ut
498 2589 555 2652 vix
576 2590 718 2669 superari
739 2589 873 2669 possint
921 2592 1095 2652 Praeterea
1116 2591 1293 2670 respublica
1368 2587 1371 2594 '

194 2697 343 2760 facillime
362 2696 393 2758 ic
414 2694 588 2777 periculum
611 2691 793 2774 adducitur,
815 2711 911 2774 quum
932 2695 1085 2777 agricolis
1107 2696 1179 2777 agri
1200 2713 1293 2758 cem·

194 2801 282 2865 missi
303 2802 367 2864 sict
390 2797 590 2882 pensitandia
611 2798 838 2881 vectigalibus,
861 2817 1024 2882 quumque
1045 2817 1171 2884 semper
1191 2821 1304 2885 peuce·

194 2911 326 2978 eoadem
346 2915 439 2978 cives
459 2911 501 2974 eit
521 2909 644 2990 imperii
664 2925 797 2972 summa.
821 2909 965 2992 lienique
987 2907 1016 2972 ei
1033 2911 1188 2974 eaetcdae
1208 2911 1292 2974 bea·
1334 2995 1337 3002 γ

194 3031 259 3086 tem
282 3021 382 3084 vitam
404 3037 467 3082 cerr
488 3016 632 3100 degunt,
663 3035 703 3078 ue
723 3024 792 3078 tcta
813 3013 943 3098 quidem
962 3015 1080 3080 ciritae
1101 3019 1197 3082 beata
1214 3036 1290 3083 esse

194 3134 314 3209 puteat.
357 3123 452 3188 llaec
475 3122 545 3186 lere
568 3121 763 3186 Aruteteles
786 3119 828 3185 de
849 3121 995 3185 Platonis
1014 3117 1185 3208 Πολιτείᾳ.

193 3468 297 3520 nece
315 3467 490 3534 civitate,
516 3477 611 3532 qaam
635 3467 718 3520 idem
742 3468 846 3520 Pletc
870 3469 1083 3537 temperavit
1109 3470 1140 3520 lu
1162 3471 1291 3535 tragum

682 3561 811 3614 libris.

694 3738 724 3806 d·
746 3733 796 3799 28.

255 3867 382 3951 Legum
404 3869 500 3932 libres
527 3868 717 3934 Aristotelea
738 3873 870 3936 brevius
891 3872 1055 3954 diiudicat,
1079 3872 1162 3954 quod
1184 3889 1291 3936 cerum

194 3993 276 4056 quae
306 3977 338 4038 iu
375 3978 462 4040 libri·
499 3978 541 4041 de
574 3979 752 4060 Republica
785 3981 948 4044 coustituit
978 3979 1071 4043 Plato
1103 3999 1165 4042 uou
1195 3983 1293 4044 multe

194 4086 376 4150 mutaverit.
408 4085 493 4150 Nam
514 4085 555 4150 ad
571 4085 731 4150 homiuum
749 4090 851 4150 vitem
867 4087 1031 4150 civitatem
1046 4088 1292 4152 accommodare

193 4192 225 4255 in
246 4192 391 4278 degibus
413 4194 557 4258 veluiace
578 4191 705 4276 quidam
726 4194 910 4273 Pletcuam3
940 4193 1000 4258 aed
1027 4197 1139 4278 paucis
1161 4195 1292 4258 mutatu
