3118 4914
658 328 883 390 -llt-

293 529 333 560 reo
349 507 520 578 παραβάσεις,
536 504 617 572 ὥσπερ
634 506 661 558 ir
678 514 730 566 wie
746 511 805 560 κατ’
820 505 901 577 ἆρχῆτ
918 511 1035 576 ducum.
1053 509 1196 561 Sciendum
1214 515 1255 562 eni
1271 523 1326 562 atl-

294 609 356 665 teni,
376 601 562 664 Aristotelem,
587 615 737 666 quanquam
760 603 888 652 πολιτείαν
911 601 1096 652 numeraverit
1119 603 1146 652 in
1169 601 1324 652 civitatibus

294 697 484 758 probabilibus,
494 695 525 746 ie
544 711 575 745 ea
585 703 671 745 trariien
683 698 889 758 disputationem
901 697 1049 757 protulisse
1059 697 1083 746 in
1103 709 1134 744 ea
1150 694 1326 744 Pcltttcorum

293 793 381 848 parte,
400 799 466 848 quae
485 794 526 834 est
544 788 575 834 de
593 786 791 844 rebuspublicis
806 785 974 845 perniciosis.
1004 783 1082 848 Quod
1102 796 1150 832 cur
1167 781 1260 832 iecerit
1275 781 1326 831 illo

294 877 396 938 quinem
415 878 485 938 quod
502 888 585 936 snpra
602 875 742 936 posuimus
760 874 881 935 explicat
898 872 1048 925 enuntiato.
1092 871 1175 922 Cuius
1193 869 1324 919 sententia
1423 901 1428 910 ·

294 969 360 1017 baec
378 973 434 1016 est:
459 965 616 1032 Quanquam
641 966 753 1013 πολιτεία
778 975 805 1014 et
829 964 894 1012 illae
918 959 1096 1030 ἀριστοκρατίαι
1118 962 1246 1010 civitates
1270 974 1324 1012 που

292 1063 356 1110 eunt
375 1059 552 1121 perniciemne,
571 1063 659 1108 tamen
679 1060 710 1106 de
729 1057 769 1106 eis
789 1056 932 1117 disputatio
952 1057 986 1104 ao
1010 1057 1079 1102 brino
1098 1055 1187 1102 locum
1207 1054 1264 1114 (qul
1283 1057 1325 1102 est

295 1152 326 1198 de
344 1151 505 1213 perniciosis
524 1153 692 1208 civitatibus)
711 1157 853 1201 reservata
870 1158 921 1212 est,
933 1154 1002 1213 quod
1014 1164 1061 1200 eae
1072 1164 1165 1200 omnes
1178 1152 1211 1200 ab
1223 1150 1325 1212 optima

294 1245 433 1305 republica
444 1240 717 1314 (ὀρθοτᾰτῃπολιτείρ)
729 1248 884 1294 deflectunt.
902 1244 1082 1293 Nihilominus
1100 1248 1188 1291 tamen
1208 1241 1324 1299 (ἔπειτα)

295 1335 427 1384 babentur
448 1335 474 1384 ln
499 1335 683 1396 probabilibus
708 1329 806 1402 λόρθαῖς
831 1335 994 1396 oblatricem
1021 1345 1120 1382 revera
1144 1337 1233 1381 autern
1261 1334 1326 1380 sunt

293 1427 470 1488 probabilium
497 1424 671 1496 παρεκβάσεις,
698 1434 727 1476 ut
754 1428 787 1476 ab
815 1427 889 1476 initio
913 1426 1014 1475 dictum
1041 1433 1091 1478 est.
1113 1425 1149 1475 ci.
1168 1423 1245 1473 buius
1264 1423 1325 1474 libri

293 1531 353 1578 cap,
371 1519 416 1568 lli.
434 1514 555 1568 Μάλιστα
571 1519 619 1582 μὲν
637 1511 681 1568 οὖν
699 1515 816 1566 εἰώθασιν
832 1510 908 1572 οὕτως
924 1511 1114 1579 ὗπολαμβᾰντιν
1131 1516 1188 1580 περὶ
1205 1517 1256 1563 τῶν
1272 1531 1325 1561 πο-

295 1607 398 1656 λιτειῶν·
414 1603 576 1672 ἆλρθέοτερον
602 1604 631 1656 δὲ
654 1609 694 1656 καὶ
715 1607 814 1670 βέλτιον
838 1599 868 1660 ὧς
893 1599 961 1668 ἡμεῖς
992 1600 1132 1668 διείλομεν,
1158 1599 1227 1653 δυοῖν
1243 1597 1257 1666 ἢ
1274 1603 1332 1666 μιᾶς

294 1696 363 1762 οὔσης
383 1702 423 1762 τῆς
439 1701 515 1754 καλῶς
533 1701 702 1763 συνεστηκυίας
720 1693 763 1754 τοὶς
780 1696 852 1752 ἄλλος
870 1694 933 1744 εἶναι
949 1691 1125 1758 παρεκβάσεις,
1151 1691 1194 1750 τοὶς
1218 1693 1267 1757 μὲν
1283 1694 1326 1756 τῆς

294 1783 321 1837 εὖ
338 1794 484 1856 κεκραμένης
500 1785 618 1856 ἆρμονιάς
636 1786 679 1844 τοίς
696 1785 724 1838 δὲ
741 1792 781 1852 τῆς
798 1784 894 1853 ἆρίστης
912 1788 1036 1842 πολιτείας
1053 1807 1076 1834 κ.
1095 1805 1119 1840 τ.
1137 1786 1159 1834 i.
1169 1789 1199 1842 ¹).
1235 1787 1324 1834 intel·-

295 1883 414 1943 pretibus
441 1888 531 1931 auten
560 1882 687 1931 tenebras
714 1881 809 1931 offudit
836 1883 949 1930 verbnm
974 1879 1061 1928 ἔπειτα
1088 1877 1175 1928 minus
1199 1876 1324 1926 usitatum

295 1987 342 2034 pio
360 1972 470 2022 κέπειτα.

228 2141 541 2153 —u—-u-ae--u-ao—

247 2269 277 2326 1)
295 2268 466 2332 ingeniosius
484 2269 516 2318 oe
534 2271 583 2318 bac
602 2281 632 2318 re
651 2269 815 2332 Spengelins
832 2269 860 2319 in
878 2274 992 2332 unapm
1014 2268 1223 2330 dissertatione,
1247 2279 1326 2330 quam

296 2361 402 2408 verius:
419 2360 524 2420 „Uebar
539 2360 653 2408 πολιτεία
670 2360 754 2408 ΝΘ.
770 2365 832 2422 sagt
849 2373 888 2422 er,
905 2373 934 2408 er
950 2361 1019 2408 baba
1037 2361 1076 2408 sie
1094 2359 1252 2409 abslcbtlicb
1270 2361 1328 2408 bie-

295 2451 342 2500 ber
358 2451 489 2514 gestent,
515 2451 580 2500 weil
605 2450 645 2500 sie
670 2453 718 2500 den
746 2453 840 2502 beaten
857 2455 937 2502 Stant
955 2453 1026 2502 nicbt
1052 2453 1173 2502 errelcbe
1197 2453 1250 2502 und
1275 2465 1325 2516 ge-

294 2545 430 2596 wolrnlicb
443 2545 721 2596 mitderllemoliratie
733 2545 946 2609 ondoligarcbie
956 2545 1113 2594 verbunden
1122 2545 1220 2593 werde.
1255 2544 1329 2592 Aber

295 2651 398 2686 warum
418 2639 464 2688 bat
482 2653 512 2688 cr
528 2639 567 2688 sie
586 2641 654 2688 oben
673 2639 715 2688 als
733 2639 791 2688 eine
807 2634 869 2705 ὅρθὴ
887 2641 999 2691 πολιτεία
1017 2631 1203 2703 dargestellti
1246 2637 1329 2687 [ltwa

295 2728 383 2777 sei'oer
401 2729 587 2793 Dreitbeilang
603 2745 639 2780 nu
657 2727 735 2782 ltet't
769 2733 844 2782 Weil
862 2732 966 2781 wasia
984 2729 1238 2783 derWirlilicbiieit
1255 2731 1329 2779 nlcbt

295 2816 359 2865 cler
373 2817 470 2867 bilaist
488 2821 574 2868 seiten
592 2821 736 2882 erecbelnt,
755 2823 797 2870 (lie
816 2821 928 2869 macone
945 2823 1018 2872 aicbt
1041 2825 1168 2873 abbalten
1192 2824 1255 2873 ilari
1274 2837 1327 2874 an·

296 2905 449 2954 aunebmen.
484 2906 519 2956 Es
536 2905 571 2952 tat
589 2905 712 2968 miglicb,
730 2909 793 2956 dass
811 2908 839 2956 in
857 2909 944 2958 eioem
959 2912 1056 2960 ataate
1074 2912 1147 2960 nicbt
1165 2911 1225 2961 blos
1243 2913 1329 2974 einer,

297 2999 362 3046 oder
380 2997 422 3046 ein
440 2997 610 3060 uescnlecnt,
627 2997 680 3048 wie
698 2997 724 3046 in
744 3001 792 3046 der
805 3000 926 3062 βασιλεία,
944 3001 1148 3066 odermebrere,
1165 3002 1218 3050 wie
1235 3003 1261 3052 in
1280 3005 1328 3052 (lor

296 3083 473 3154 ἆρισνοκρατία,
489 3087 608 3136 sondern
625 3086 680 3136 alle
699 3089 767 3136 ohne
786 3091 939 3138 Ausnabme
956 3089 1012 3140 ibre
1036 3091 1190 3155 l'biitiglieit
1213 3094 1264 3142 aui
1283 3094 1328 3143 dle

297 3175 448 3236 Ausiibung
465 3179 511 3225 der
528 3184 693 3240 gesammten
712 3179 857 3242 'bugenden
876 3180 1017 3231 abzielenz
1043 3183 1112 3232 dana
1138 3185 1213 3234 wiire
1239 3196 1269 3233 es
1287 3177 1330 3234 ilie

296 3269 457 3332 cigentllcbc
474 3268 587 3317 πολιτεία
606 3271 657 3318 und
675 3271 714 3320 sie
733 3270 825 3321 wrirde
843 3271 891 3322 mit
911 3274 960 3322 der
977 3269 1061 3342 α’ρίοτη
1081 3276 1195 3325 πολιτοίκ
1217 3289 1326 3326 mam-

297 3362 451 3412 menialien.
494 3361 669 3414 lbeoretisclr
693 3365 754 3414 also
782 3367 844 3415 ilari
868 3379 899 3416 es
926 3365 999 3416 nicbt
1026 3379 1178 3431 umgaogen
1207 3369 1328 3418 werden.

296 3467 378 3504 wenc
397 3455 464 3503 aucla
484 3453 618 3515 praktisob
636 3455 722 3504 dieses
744 3455 985 3520 contreniscunt,
1009 3459 1063 3506 und
1087 3459 1128 3506 (lie
1144 3459 1258 3506 πολιτεία
1276 3470 1329 3507 nur

297 3548 325 3596 in
343 3549 392 3596 ‹ler
408 3545 516 3596 Gertait
532 3545 648 3610 comiti,
666 3544 720 3594 wic
736 3545 777 3596 sie
796 3546 830 3596 im
847 3546 875 3596 4.
895 3547 981 3596 nome
998 3547 1156 3599 erscbelnt.“
1190 3548 1243 3598 Seu
1257 3560 1327 3610 quo·
1382 3542 1386 3546 ’

297 3643 377 3690 niodo
396 3640 564 3702 actumst,
584 3641 613 3688 ut
624 3638 696 3698 apud
708 3636 885 3688 Aristotelem
904 3637 981 3688 buius
998 3637 1149 3687 secuntiae
1166 3651 1199 3688 ne
1216 3639 1328 3690 uerbum

300 3734 404 3794 quidem
421 3725 579 3796 legeretur?
622 3734 658 3780 At
685 3741 753 3780 vero
770 3731 922 3792 negandum
946 3733 988 3780 eet
1013 3731 1117 3780 nullam
1141 3742 1204 3782 esse
1228 3731 1329 3782 civita-

297 3827 350 3871 tem
384 3824 564 3884 probabilem,
598 3821 648 3870 nisi
684 3820 862 3884 magirtnatus
889 3821 986 3870 babeat
1012 3819 1159 3871 virtutibus
1191 3823 1329 3883 praeditos

300 3913 430 3964 omnibus.
464 3914 532 3962 Nam
549 3923 628 3973 quum
647 3910 824 3974 magistratus
840 3911 931 3962 omnia
948 3910 981 3960 al
999 3911 1142 3962 utilitatem
1159 3924 1327 3962 communem

299 4005 431 4066 referunt,
448 4009 535 4052 status
553 4004 575 4051 ia
593 4008 709 4054 vocatur
724 3999 806 4070 ὀρθός.
824 4004 860 4054 ci.
879 4003 937 4054 l’ol.
955 4003 1000 4052 lll.
1019 4004 1047 4052 ii.
1087 4001 1179 4067 Quare
1201 4002 1327 4065 noberta,

299 4095 324 4142 in
345 4106 397 4155 qua
415 4095 606 4158 perpopulato
624 4095 715 4146 omnia
733 4102 760 4145 et
778 4099 913 4158 geruntur
929 4103 1148 4156 communemque
1163 4093 1200 4142 ad
1221 4092 1327 4144 utilitas

301 4194 351 4236 ten
367 4186 532 4248 referantur,
548 4198 633 4250 aequo
652 4187 709 4241 iure
724 4200 759 4239 aa
775 4199 889 4251 rognum
907 4189 936 4236 et
952 4179 1138 4253 ἄροτοκρατία,
1163 4183 1190 4234 lu
1208 4195 1325 4234 numam
