<?xml version="1.0" encoding="UTF-8"?>
<!DOCTYPE html PUBLIC "-//W3C//DTD XHTML 1.0 Transitional//EN"
    "http://www.w3.org/TR/xhtml1/DTD/xhtml1-transitional.dtd">
<html xmlns="http://www.w3.org/1999/xhtml" xml:lang="en" lang="en">
 <head>
  <title>
</title>
<meta http-equiv="Content-Type" content="text/html;charset=utf-8" />
  <meta name='ocr-system' content='tesseract 3.04.00' />
  <meta name='ocr-capabilities' content='ocr_page ocr_carea ocr_par ocr_line ocrx_word'/>
</head>
<body>
  <div class='ocr_page' id='page_1' title='image "./dearistotelispo01nickgoog_0027.png"; bbox 0 0 3124 4918; ppageno 0'>
   <div class='ocr_carea' id='block_1_1' title="bbox 234 507 1334 2631">
    <p class='ocr_par' dir='ltr' id='par_1_1' title="bbox 235 507 1334 1032">
     <span class='ocr_line' id='line_1_1' title="bbox 240 507 1332 591; baseline -0.002 -17"><span class='ocrx_word' id='word_1_1' title='bbox 240 509 390 590; x_wconf 80' lang='lat' dir='ltr'><strong>elllcitur,</strong></span> <span class='ocrx_word' id='word_1_2' title='bbox 412 509 441 572; x_wconf 87' lang='lat' dir='ltr'><strong>si</strong></span> <span class='ocrx_word' id='word_1_3' title='bbox 461 507 498 572; x_wconf 86' lang='lat' dir='ltr'><strong>lit</strong></span> <span class='ocrx_word' id='word_1_4' title='bbox 518 507 692 573; x_wconf 84' lang='lat' dir='ltr'><strong>secundum</strong></span> <span class='ocrx_word' id='word_1_5' title='bbox 715 509 979 591; x_wconf 86' lang='lat' dir='ltr'><strong>uniuscuiusque</strong></span> <span class='ocrx_word' id='word_1_6' title='bbox 1001 511 1161 577; x_wconf 83' lang='lat' dir='ltr'><strong>virtutem.</strong></span> <span class='ocrx_word' id='word_1_7' title='bbox 1205 511 1249 574; x_wconf 82' lang='lat' dir='ltr'><strong>llt</strong></span> <span class='ocrx_word' id='word_1_8' title='bbox 1268 511 1332 574; x_wconf 86' lang='lat' dir='ltr'><strong>talo</strong></span> 
     </span>
     <span class='ocr_line' id='line_1_2' title="bbox 237 605 1332 702; baseline 0 -20"><span class='ocrx_word' id='word_1_9' title='bbox 237 605 365 702; x_wconf 70' lang='lat' dir='ltr'><strong>quidem</strong></span> <span class='ocrx_word' id='word_1_10' title='bbox 386 637 467 701; x_wconf 92' lang='lat' dir='ltr'><strong>opus</strong></span> <span class='ocrx_word' id='word_1_11' title='bbox 487 619 604 682; x_wconf 90' lang='lat' dir='ltr'><strong>bonum</strong></span> <span class='ocrx_word' id='word_1_12' title='bbox 626 627 686 682; x_wconf 88' lang='lat' dir='ltr'><strong>est.</strong></span> <span class='ocrx_word' id='word_1_13' title='bbox 714 621 843 682; x_wconf 75' lang='lat' dir='ltr'><strong>Bonum</strong></span> <span class='ocrx_word' id='word_1_14' title='bbox 866 623 966 698; x_wconf 76' lang='lat' dir='ltr'><strong>ipilur</strong></span> <span class='ocrx_word' id='word_1_15' title='bbox 986 620 1161 680; x_wconf 77' lang='lat' dir='ltr'><strong>humanum</strong></span> <span class='ocrx_word' id='word_1_16' title='bbox 1181 623 1217 681; x_wconf 86' lang='lat' dir='ltr'><strong>in</strong></span> <span class='ocrx_word' id='word_1_17' title='bbox 1237 641 1332 698; x_wconf 75' lang='lat' dir='ltr'><strong>epm</strong></span> 
     </span>
     <span class='ocr_line' id='line_1_3' title="bbox 235 718 1333 809; baseline -0.002 -19"><span class='ocrx_word' id='word_1_18' title='bbox 235 729 375 790; x_wconf 78' lang='lat' dir='ltr'><strong>bumana</strong></span> <span class='ocrx_word' id='word_1_19' title='bbox 403 731 546 790; x_wconf 79' lang='lat' dir='ltr'><strong>cernitur</strong></span> <span class='ocrx_word' id='word_1_20' title='bbox 573 729 651 789; x_wconf 83' lang='lat' dir='ltr'><strong>dene</strong></span> <span class='ocrx_word' id='word_1_21' title='bbox 675 730 818 806; x_wconf 79' lang='lat' dir='ltr'><strong>perfecto</strong></span> <span class='ocrx_word' id='word_1_22' title='bbox 843 731 864 787; x_wconf 87' lang='lat' dir='ltr'><strong>i.</strong></span> <span class='ocrx_word' id='word_1_23' title='bbox 886 747 912 788; x_wconf 80' lang='lat' dir='ltr'><strong>e.</strong></span> <span class='ocrx_word' id='word_1_24' title='bbox 933 731 968 788; x_wconf 84' lang='lat' dir='ltr'><strong>a‘n</strong></span> <span class='ocrx_word' id='word_1_25' title='bbox 989 731 1091 788; x_wconf 81' lang='lat' dir='ltr'><strong>animi</strong></span> <span class='ocrx_word' id='word_1_26' title='bbox 1111 718 1257 809; x_wconf 76' lang='grc' dir='ltr'><strong>ἐνεργείᾳ</strong></span> <span class='ocrx_word' id='word_1_27' title='bbox 1277 747 1333 788; x_wconf 81' lang='lat' dir='ltr'><strong>se·</strong></span> 
     </span>
     <span class='ocr_line' id='line_1_4' title="bbox 236 835 1334 912; baseline -0.005 -14"><span class='ocrx_word' id='word_1_28' title='bbox 236 837 375 898; x_wconf 77' lang='lat' dir='ltr'><strong>modam</strong></span> <span class='ocrx_word' id='word_1_29' title='bbox 394 839 557 909; x_wconf 79' lang='lat' dir='ltr'><strong>virtutem,</strong></span> <span class='ocrx_word' id='word_1_30' title='bbox 586 841 618 894; x_wconf 81' lang='lat' dir='ltr'><strong>et</strong></span> <span class='ocrx_word' id='word_1_31' title='bbox 640 838 672 896; x_wconf 82' lang='lat' dir='ltr'><strong>ai</strong></span> <span class='ocrx_word' id='word_1_32' title='bbox 687 835 800 912; x_wconf 84' lang='lat' dir='ltr'><strong>plures</strong></span> <span class='ocrx_word' id='word_1_33' title='bbox 823 837 965 906; x_wconf 79' lang='lat' dir='ltr'><strong>virtutes,</strong></span> <span class='ocrx_word' id='word_1_34' title='bbox 989 835 1164 896; x_wconf 80' lang='lat' dir='ltr'><strong>secundam</strong></span> <span class='ocrx_word' id='word_1_35' title='bbox 1185 838 1334 911; x_wconf 81' lang='lat' dir='ltr'><strong>optimam</strong></span> 
     </span>
     <span class='ocr_line' id='line_1_5' title="bbox 237 939 1283 1032; baseline -0.001 -29"><span class='ocrx_word' id='word_1_36' title='bbox 237 948 271 1003; x_wconf 81' lang='lat' dir='ltr'><strong>et</strong></span> <span class='ocrx_word' id='word_1_37' title='bbox 284 944 553 1021; x_wconf 79' lang='lat' dir='ltr'><strong>perfectissimam</strong></span> <span class='ocrx_word' id='word_1_38' title='bbox 573 945 609 1032; x_wconf 75' lang='lat' dir='ltr'><strong>a&#39;n</strong></span> <span class='ocrx_word' id='word_1_39' title='bbox 629 945 693 1002; x_wconf 77' lang='lat' dir='ltr'><strong>cita</strong></span> <span class='ocrx_word' id='word_1_40' title='bbox 711 945 856 1022; x_wconf 81' lang='lat' dir='ltr'><strong>perfecta</strong></span> <span class='ocrx_word' id='word_1_41' title='bbox 878 939 938 1010; x_wconf 77' lang='lat' dir='ltr'><strong>(cl.</strong></span> <span class='ocrx_word' id='word_1_42' title='bbox 958 940 1063 1002; x_wconf 75' lang='lat' dir='ltr'><strong>lilibic.</strong></span> <span class='ocrx_word' id='word_1_43' title='bbox 1085 941 1158 1002; x_wconf 86' lang='lat' dir='ltr'><strong>Nic.</strong></span> <span class='ocrx_word' id='word_1_44' title='bbox 1179 942 1203 1002; x_wconf 91' lang='lat'><strong>1.</strong></span> <span class='ocrx_word' id='word_1_45' title='bbox 1224 941 1283 1012; x_wconf 81' lang='grc'><strong>6.).</strong></span> 
     </span>
    </p>

    <p class='ocr_par' dir='ltr' id='par_1_2' title="bbox 234 1041 1333 2631">
     <span class='ocr_line' id='line_1_6' title="bbox 320 1041 1333 1133; baseline -0.003 -21"><span class='ocrx_word' id='word_1_46' title='bbox 320 1047 424 1127; x_wconf 79' lang='lat' dir='ltr'><strong>Quam</strong></span> <span class='ocrx_word' id='word_1_47' title='bbox 445 1041 608 1133; x_wconf 69' lang='grc' dir='ltr'><strong>ἐνέργειαν</strong></span> <span class='ocrx_word' id='word_1_48' title='bbox 634 1049 686 1132; x_wconf 91' lang='lat' dir='ltr'><strong>qni</strong></span> <span class='ocrx_word' id='word_1_49' title='bbox 715 1049 776 1110; x_wconf 89' lang='lat' dir='ltr'><strong>sibi</strong></span> <span class='ocrx_word' id='word_1_50' title='bbox 804 1050 1054 1128; x_wconf 87' lang='lat' dir='ltr'><strong>comparaverit,</strong></span> <span class='ocrx_word' id='word_1_51' title='bbox 1089 1067 1151 1112; x_wconf 89' lang='lat' dir='ltr'><strong>non</strong></span> <span class='ocrx_word' id='word_1_52' title='bbox 1181 1057 1333 1110; x_wconf 88' lang='lat' dir='ltr'><strong>externas</strong></span> 
     </span>
     <span class='ocr_line' id='line_1_7' title="bbox 235 1152 1333 1235; baseline 0.002 -19"><span class='ocrx_word' id='word_1_53' title='bbox 235 1152 428 1216; x_wconf 77' lang='lat' dir='ltr'><strong>desiderabit</strong></span> <span class='ocrx_word' id='word_1_54' title='bbox 450 1153 650 1234; x_wconf 63' lang='lat' dir='ltr'><strong>voluptatem</strong></span> <span class='ocrx_word' id='word_1_55' title='bbox 674 1153 732 1216; x_wconf 88' lang='lat' dir='ltr'><strong>sed</strong></span> <span class='ocrx_word' id='word_1_56' title='bbox 754 1155 900 1235; x_wconf 88' lang='lat' dir='ltr'><strong>quoniam</strong></span> <span class='ocrx_word' id='word_1_57' title='bbox 921 1171 961 1216; x_wconf 88' lang='lat' dir='ltr'><strong>ea</strong></span> <span class='ocrx_word' id='word_1_58' title='bbox 981 1153 1115 1235; x_wconf 89' lang='lat' dir='ltr'><strong>quisque</strong></span> <span class='ocrx_word' id='word_1_59' title='bbox 1136 1172 1172 1216; x_wconf 92' lang='lat' dir='ltr'><strong>re</strong></span> <span class='ocrx_word' id='word_1_60' title='bbox 1194 1155 1333 1218; x_wconf 85' lang='lat' dir='ltr'><strong>maxime</strong></span> 
     </span>
     <span class='ocr_line' id='line_1_8' title="bbox 234 1252 1332 1342; baseline -0.004 -18"><span class='ocrx_word' id='word_1_61' title='bbox 234 1258 411 1324; x_wconf 76' lang='lat' dir='ltr'><strong>delectatur</strong></span> <span class='ocrx_word' id='word_1_62' title='bbox 426 1277 521 1342; x_wconf 87' lang='lat' dir='ltr'><strong>quam</strong></span> <span class='ocrx_word' id='word_1_63' title='bbox 537 1260 676 1322; x_wconf 82' lang='lat' dir='ltr'><strong>maxime</strong></span> <span class='ocrx_word' id='word_1_64' title='bbox 692 1258 901 1336; x_wconf 86' lang='lat' dir='ltr'><strong>adamaverit,</strong></span> <span class='ocrx_word' id='word_1_65' title='bbox 923 1277 965 1320; x_wconf 83' lang='lat' dir='ltr'><strong>ex</strong></span> <span class='ocrx_word' id='word_1_66' title='bbox 988 1259 1040 1322; x_wconf 92' lang='lat' dir='ltr'><strong>illa</strong></span> <span class='ocrx_word' id='word_1_67' title='bbox 1059 1252 1214 1342; x_wconf 74' lang='grc' dir='ltr'><strong><em>ἐνεργείᾳ,</em></strong></span> <span class='ocrx_word' id='word_1_68' title='bbox 1238 1278 1332 1340; x_wconf 89' lang='lat' dir='ltr'><strong>quam</strong></span> 
     </span>
     <span class='ocr_line' id='line_1_9' title="bbox 234 1366 1333 1449; baseline -0.003 -19"><span class='ocrx_word' id='word_1_69' title='bbox 234 1386 360 1430; x_wconf 88' lang='lat' dir='ltr'><strong>summa</strong></span> <span class='ocrx_word' id='word_1_70' title='bbox 395 1366 562 1432; x_wconf 89' lang='lat' dir='ltr'><strong>dilectione</strong></span> <span class='ocrx_word' id='word_1_71' title='bbox 598 1366 835 1448; x_wconf 78' lang='lat' dir='ltr'><strong>complectitur,</strong></span> <span class='ocrx_word' id='word_1_72' title='bbox 879 1368 1032 1449; x_wconf 86' lang='lat' dir='ltr'><strong>percipiet</strong></span> <span class='ocrx_word' id='word_1_73' title='bbox 1066 1369 1217 1430; x_wconf 75' lang='lat' dir='ltr'><strong>laetitiam</strong></span> <span class='ocrx_word' id='word_1_74' title='bbox 1251 1385 1333 1448; x_wconf 88' lang='lat' dir='ltr'><strong>quae</strong></span> 
     </span>
     <span class='ocr_line' id='line_1_10' title="bbox 237 1474 1332 1556; baseline -0.002 -18"><span class='ocrx_word' id='word_1_75' title='bbox 237 1474 412 1540; x_wconf 86' lang='lat' dir='ltr'><strong>secundum</strong></span> <span class='ocrx_word' id='word_1_76' title='bbox 448 1483 592 1540; x_wconf 86' lang='lat' dir='ltr'><strong>naturam</strong></span> <span class='ocrx_word' id='word_1_77' title='bbox 626 1483 678 1536; x_wconf 88' lang='lat' dir='ltr'><strong>est</strong></span> <span class='ocrx_word' id='word_1_78' title='bbox 708 1492 818 1536; x_wconf 90' lang='lat' dir='ltr'><strong>veram</strong></span> <span class='ocrx_word' id='word_1_79' title='bbox 852 1491 893 1535; x_wconf 88' lang='lat' dir='ltr'><strong>ac</strong></span> <span class='ocrx_word' id='word_1_80' title='bbox 929 1475 1106 1556; x_wconf 85' lang='lat' dir='ltr'><strong>probom¹).</strong></span> <span class='ocrx_word' id='word_1_81' title='bbox 1164 1474 1216 1536; x_wconf 78' lang='lat' dir='ltr'><strong>Ad</strong></span> <span class='ocrx_word' id='word_1_82' title='bbox 1249 1475 1332 1536; x_wconf 91' lang='lat' dir='ltr'><strong>bona</strong></span> 
     </span>
     <span class='ocr_line' id='line_1_11' title="bbox 235 1580 1329 1663; baseline -0.002 -19"><span class='ocrx_word' id='word_1_83' title='bbox 235 1600 315 1645; x_wconf 84' lang='lat' dir='ltr'><strong>voro</strong></span> <span class='ocrx_word' id='word_1_84' title='bbox 337 1592 469 1644; x_wconf 81' lang='lat' dir='ltr'><strong>externa</strong></span> <span class='ocrx_word' id='word_1_85' title='bbox 489 1580 571 1662; x_wconf 93' lang='lat' dir='ltr'><strong>quod</strong></span> <span class='ocrx_word' id='word_1_86' title='bbox 593 1581 718 1662; x_wconf 81' lang='lat' dir='ltr'><strong>attinet,</strong></span> <span class='ocrx_word' id='word_1_87' title='bbox 742 1581 884 1662; x_wconf 88' lang='lat' dir='ltr'><strong>corporis</strong></span> <span class='ocrx_word' id='word_1_88' title='bbox 902 1591 934 1644; x_wconf 90' lang='lat' dir='ltr'><strong>et</strong></span> <span class='ocrx_word' id='word_1_89' title='bbox 951 1583 1072 1644; x_wconf 89' lang='lat' dir='ltr'><strong>sanitas</strong></span> <span class='ocrx_word' id='word_1_90' title='bbox 1086 1591 1118 1644; x_wconf 87' lang='lat' dir='ltr'><strong>et</strong></span> <span class='ocrx_word' id='word_1_91' title='bbox 1132 1582 1329 1663; x_wconf 85' lang='lat' dir='ltr'><strong>pulchritudo</strong></span> 
     </span>
     <span class='ocr_line' id='line_1_12' title="bbox 236 1687 1329 1769; baseline -0.001 -18"><span class='ocrx_word' id='word_1_92' title='bbox 236 1690 441 1752; x_wconf 80' lang='lat' dir='ltr'><strong>necessariae</strong></span> <span class='ocrx_word' id='word_1_93' title='bbox 461 1688 610 1752; x_wconf 89' lang='lat' dir='ltr'><strong>videntur</strong></span> <span class='ocrx_word' id='word_1_94' title='bbox 632 1688 671 1749; x_wconf 93' lang='lat' dir='ltr'><strong>ad</strong></span> <span class='ocrx_word' id='word_1_95' title='bbox 695 1689 778 1752; x_wconf 87' lang='lat' dir='ltr'><strong>bene</strong></span> <span class='ocrx_word' id='word_1_96' title='bbox 794 1687 951 1768; x_wconf 85' lang='lat' dir='ltr'><strong>agendum</strong></span> <span class='ocrx_word' id='word_1_97' title='bbox 971 1689 1128 1769; x_wconf 88' lang='lat' dir='ltr'><strong>beateque</strong></span> <span class='ocrx_word' id='word_1_98' title='bbox 1145 1688 1329 1750; x_wconf 87' lang='lat' dir='ltr'><strong>vivendum.</strong></span> 
     </span>
     <span class='ocr_line' id='line_1_13' title="bbox 235 1783 1333 1880; baseline -0.003 -18"><span class='ocrx_word' id='word_1_99' title='bbox 235 1799 377 1862; x_wconf 85' lang='lat' dir='ltr'><strong>Divitiae</strong></span> <span class='ocrx_word' id='word_1_100' title='bbox 398 1815 488 1878; x_wconf 87' lang='lat' dir='ltr'><strong>vero,</strong></span> <span class='ocrx_word' id='word_1_101' title='bbox 511 1814 603 1879; x_wconf 91' lang='lat' dir='ltr'><strong>opes,</strong></span> <span class='ocrx_word' id='word_1_102' title='bbox 625 1797 767 1877; x_wconf 91' lang='lat' dir='ltr'><strong>potentia</strong></span> <span class='ocrx_word' id='word_1_103' title='bbox 789 1795 891 1858; x_wconf 89' lang='lat' dir='ltr'><strong>civilis</strong></span> <span class='ocrx_word' id='word_1_104' title='bbox 913 1797 1006 1858; x_wconf 91' lang='lat' dir='ltr'><strong>utiles</strong></span> <span class='ocrx_word' id='word_1_105' title='bbox 1020 1805 1094 1858; x_wconf 91' lang='lat' dir='ltr'><strong>sunt</strong></span> <span class='ocrx_word' id='word_1_106' title='bbox 1110 1783 1333 1880; x_wconf 60' lang='grc' dir='ltr'><strong>ὀργανικῶςῆ.</strong></span> 
     </span>
     <span class='ocr_line' id='line_1_14' title="bbox 235 1901 1332 1986; baseline -0.003 -19"><span class='ocrx_word' id='word_1_107' title='bbox 235 1904 360 1983; x_wconf 82' lang='lat' dir='ltr'><strong>Quibus</strong></span> <span class='ocrx_word' id='word_1_108' title='bbox 393 1904 484 1967; x_wconf 90' lang='lat' dir='ltr'><strong>bonis</strong></span> <span class='ocrx_word' id='word_1_109' title='bbox 519 1908 573 1986; x_wconf 93' lang='lat' dir='ltr'><strong>qui</strong></span> <span class='ocrx_word' id='word_1_110' title='bbox 601 1901 771 1964; x_wconf 89' lang='lat' dir='ltr'><strong>destitutus</strong></span> <span class='ocrx_word' id='word_1_111' title='bbox 800 1911 867 1983; x_wconf 87' lang='lat' dir='ltr'><strong>est,</strong></span> <span class='ocrx_word' id='word_1_112' title='bbox 897 1903 959 1964; x_wconf 88' lang='lat' dir='ltr'><strong>etsi</strong></span> <span class='ocrx_word' id='word_1_113' title='bbox 986 1905 1119 1983; x_wconf 89' lang='lat' dir='ltr'><strong>saepius</strong></span> <span class='ocrx_word' id='word_1_114' title='bbox 1150 1903 1332 1983; x_wconf 87' lang='lat' dir='ltr'><strong>impeditur,</strong></span> 
     </span>
     <span class='ocr_line' id='line_1_15' title="bbox 237 2010 1330 2094; baseline -0.004 -20"><span class='ocrx_word' id='word_1_115' title='bbox 237 2013 404 2094; x_wconf 91' lang='lat' dir='ltr'><strong>quominus</strong></span> <span class='ocrx_word' id='word_1_116' title='bbox 426 2010 603 2074; x_wconf 88' lang='lat' dir='ltr'><strong>secundum</strong></span> <span class='ocrx_word' id='word_1_117' title='bbox 626 2015 775 2072; x_wconf 88' lang='lat' dir='ltr'><strong>virtutem</strong></span> <span class='ocrx_word' id='word_1_118' title='bbox 798 2016 891 2091; x_wconf 84' lang='lat' dir='ltr'><strong>agat:</strong></span> <span class='ocrx_word' id='word_1_119' title='bbox 924 2027 984 2072; x_wconf 90' lang='lat' dir='ltr'><strong>neo</strong></span> <span class='ocrx_word' id='word_1_120' title='bbox 1009 2016 1115 2070; x_wconf 88' lang='lat' dir='ltr'><strong>tamen</strong></span> <span class='ocrx_word' id='word_1_121' title='bbox 1142 2010 1214 2070; x_wconf 92' lang='lat' dir='ltr'><strong>istis</strong></span> <span class='ocrx_word' id='word_1_122' title='bbox 1237 2025 1330 2070; x_wconf 87' lang='lat' dir='ltr'><strong>oom-</strong></span> 
     </span>
     <span class='ocr_line' id='line_1_16' title="bbox 235 2113 1331 2200; baseline -0.002 -20"><span class='ocrx_word' id='word_1_123' title='bbox 235 2119 367 2200; x_wconf 90' lang='lat' dir='ltr'><strong>paratis‚</strong></span> <span class='ocrx_word' id='word_1_124' title='bbox 389 2118 457 2180; x_wconf 89' lang='lat' dir='ltr'><strong>vita</strong></span> <span class='ocrx_word' id='word_1_125' title='bbox 479 2117 619 2180; x_wconf 87' lang='lat' dir='ltr'><strong>redditur</strong></span> <span class='ocrx_word' id='word_1_126' title='bbox 640 2117 753 2195; x_wconf 89' lang='lat' dir='ltr'><strong>beata,</strong></span> <span class='ocrx_word' id='word_1_127' title='bbox 782 2113 842 2176; x_wconf 87' lang='lat' dir='ltr'><strong>sed</strong></span> <span class='ocrx_word' id='word_1_128' title='bbox 871 2115 941 2176; x_wconf 90' lang='lat' dir='ltr'><strong>sola</strong></span> <span class='ocrx_word' id='word_1_129' title='bbox 968 2115 1103 2194; x_wconf 90' lang='lat' dir='ltr'><strong>virtute;</strong></span> <span class='ocrx_word' id='word_1_130' title='bbox 1131 2133 1191 2177; x_wconf 90' lang='lat' dir='ltr'><strong>nec</strong></span> <span class='ocrx_word' id='word_1_131' title='bbox 1219 2125 1331 2178; x_wconf 88' lang='lat' dir='ltr'><strong>contra</strong></span> 
     </span>
     <span class='ocr_line' id='line_1_17' title="bbox 236 2222 1332 2306; baseline -0.002 -18"><span class='ocrx_word' id='word_1_132' title='bbox 236 2231 284 2290; x_wconf 90' lang='lat' dir='ltr'><strong>eis</strong></span> <span class='ocrx_word' id='word_1_133' title='bbox 305 2225 472 2306; x_wconf 86' lang='lat' dir='ltr'><strong>detractis,</strong></span> <span class='ocrx_word' id='word_1_134' title='bbox 494 2225 622 2305; x_wconf 86' lang='lat' dir='ltr'><strong>misera,</strong></span> <span class='ocrx_word' id='word_1_135' title='bbox 644 2223 703 2286; x_wconf 92' lang='lat' dir='ltr'><strong>sed</strong></span> <span class='ocrx_word' id='word_1_136' title='bbox 726 2223 854 2292; x_wconf 80' lang='lat' dir='ltr'><strong>vitio³).</strong></span> <span class='ocrx_word' id='word_1_137' title='bbox 907 2224 973 2286; x_wconf 89' lang='lat' dir='ltr'><strong>lam</strong></span> <span class='ocrx_word' id='word_1_138' title='bbox 1003 2241 1080 2284; x_wconf 87' lang='lat' dir='ltr'><strong>vero</strong></span> <span class='ocrx_word' id='word_1_139' title='bbox 1102 2239 1226 2286; x_wconf 89' lang='lat' dir='ltr'><strong>summo</strong></span> <span class='ocrx_word' id='word_1_140' title='bbox 1249 2222 1332 2290; x_wconf 90' lang='lat' dir='ltr'><strong>bono</strong></span> 
     </span>
     <span class='ocr_line' id='line_1_18' title="bbox 235 2323 1333 2414; baseline -0.007 -14"><span class='ocrx_word' id='word_1_141' title='bbox 235 2339 283 2400; x_wconf 90' lang='lat' dir='ltr'><strong>ita</strong></span> <span class='ocrx_word' id='word_1_142' title='bbox 303 2336 487 2410; x_wconf 88' lang='lat' dir='ltr'><strong>constituto,</strong></span> <span class='ocrx_word' id='word_1_143' title='bbox 511 2340 546 2394; x_wconf 89' lang='lat' dir='ltr'><strong>ut</strong></span> <span class='ocrx_word' id='word_1_144' title='bbox 566 2332 608 2394; x_wconf 91' lang='lat' dir='ltr'><strong>sit</strong></span> <span class='ocrx_word' id='word_1_145' title='bbox 630 2331 726 2392; x_wconf 90' lang='lat' dir='ltr'><strong>animi</strong></span> <span class='ocrx_word' id='word_1_146' title='bbox 748 2323 892 2414; x_wconf 72' lang='grc' dir='ltr'><strong>ἐνέργεια</strong></span> <span class='ocrx_word' id='word_1_147' title='bbox 912 2329 1090 2392; x_wconf 86' lang='lat' dir='ltr'><strong>secundum</strong></span> <span class='ocrx_word' id='word_1_148' title='bbox 1113 2329 1275 2410; x_wconf 88' lang='lat' dir='ltr'><strong>virtutem,</strong></span> <span class='ocrx_word' id='word_1_149' title='bbox 1300 2338 1333 2392; x_wconf 92' lang='lat' dir='ltr'><strong>et</strong></span> 
     </span>
     <span class='ocr_line' id='line_1_19' title="bbox 238 2438 1332 2522; baseline -0.003 -18"><span class='ocrx_word' id='word_1_150' title='bbox 238 2441 266 2504; x_wconf 91' lang='lat' dir='ltr'><strong>si</strong></span> <span class='ocrx_word' id='word_1_151' title='bbox 288 2443 395 2522; x_wconf 88' lang='lat' dir='ltr'><strong>plures</strong></span> <span class='ocrx_word' id='word_1_152' title='bbox 418 2440 566 2521; x_wconf 90' lang='lat' dir='ltr'><strong>virtutes,</strong></span> <span class='ocrx_word' id='word_1_153' title='bbox 589 2438 766 2502; x_wconf 87' lang='lat' dir='ltr'><strong>seeundum</strong></span> <span class='ocrx_word' id='word_1_154' title='bbox 788 2439 937 2518; x_wconf 90' lang='lat' dir='ltr'><strong>optimam</strong></span> <span class='ocrx_word' id='word_1_155' title='bbox 960 2446 992 2500; x_wconf 91' lang='lat' dir='ltr'><strong>et</strong></span> <span class='ocrx_word' id='word_1_156' title='bbox 1014 2438 1279 2518; x_wconf 83' lang='lat' dir='ltr'><strong>perfectissimam</strong></span> <span class='ocrx_word' id='word_1_157' title='bbox 1301 2439 1332 2502; x_wconf 93' lang='lat' dir='ltr'><strong>in</strong></span> 
     </span>
     <span class='ocr_line' id='line_1_20' title="bbox 238 2547 1200 2631; baseline 0.002 -19"><span class='ocrx_word' id='word_1_158' title='bbox 238 2548 305 2612; x_wconf 90' lang='lat' dir='ltr'><strong>vita</strong></span> <span class='ocrx_word' id='word_1_159' title='bbox 327 2549 484 2630; x_wconf 82' lang='lat' dir='ltr'><strong>perfecta,</strong></span> <span class='ocrx_word' id='word_1_160' title='bbox 505 2547 692 2630; x_wconf 86' lang='lat' dir='ltr'><strong>philosopho</strong></span> <span class='ocrx_word' id='word_1_161' title='bbox 713 2547 867 2631; x_wconf 85' lang='lat' dir='ltr'><strong>deinceps</strong></span> <span class='ocrx_word' id='word_1_162' title='bbox 888 2547 1107 2614; x_wconf 85' lang='lat' dir='ltr'><strong>disserendum</strong></span> <span class='ocrx_word' id='word_1_163' title='bbox 1130 2557 1200 2614; x_wconf 87' lang='lat' dir='ltr'><strong>erat</strong></span> 
     </span>
    </p>
   </div>
   <div class='ocr_carea' id='block_1_2' title="bbox 371 2908 1199 2976">
    <p class='ocr_par' dir='ltr' id='par_1_3' title="bbox 371 2908 1199 2976">
     <span class='ocr_line' id='line_1_21' title="bbox 371 2908 1199 2976; baseline -0.001 -17"><span class='ocrx_word' id='word_1_164' title='bbox 371 2910 415 2961; x_wconf 77' lang='lat' dir='ltr'><strong>lle</strong></span> <span class='ocrx_word' id='word_1_165' title='bbox 434 2909 570 2961; x_wconf 84' lang='lat' dir='ltr'><strong>virtuts</strong></span> <span class='ocrx_word' id='word_1_166' title='bbox 587 2908 663 2960; x_wconf 83' lang='lat' dir='ltr'><strong>sive</strong></span> <span class='ocrx_word' id='word_1_167' title='bbox 679 2911 719 2959; x_wconf 87' lang='lat' dir='ltr'><strong>de</strong></span> <span class='ocrx_word' id='word_1_168' title='bbox 735 2910 884 2960; x_wconf 79' lang='lat' dir='ltr'><strong>honesto</strong></span> <span class='ocrx_word' id='word_1_169' title='bbox 902 2911 990 2976; x_wconf 76' lang='grc' dir='ltr'><strong>(περὶ</strong></span> <span class='ocrx_word' id='word_1_170' title='bbox 1008 2911 1064 2959; x_wconf 80' lang='grc' dir='ltr'><strong>τοῦ</strong></span> <span class='ocrx_word' id='word_1_171' title='bbox 1081 2910 1199 2968; x_wconf 75' lang='grc' dir='ltr'><strong>καλοῦ).</strong></span> 
     </span>
    </p>
   </div>
   <div class='ocr_carea' id='block_1_3' title="bbox 742 3069 824 3140">
    <p class='ocr_par' dir='ltr' id='par_1_4' title="bbox 742 3069 824 3140">
     <span class='ocr_line' id='line_1_22' title="bbox 742 3069 824 3140; baseline -0.024 -10"><span class='ocrx_word' id='word_1_172' title='bbox 742 3072 771 3140; x_wconf 69' lang='grc' dir='ltr'><strong>δ.</strong></span> <span class='ocrx_word' id='word_1_173' title='bbox 794 3069 824 3130; x_wconf 89' lang='grc'><strong>5.</strong></span> 
     </span>
    </p>
   </div>
   <div class='ocr_carea' id='block_1_4' title="bbox 236 3195 1335 3606">
    <p class='ocr_par' dir='ltr' id='par_1_5' title="bbox 236 3195 1335 3606">
     <span class='ocr_line' id='line_1_23' title="bbox 319 3195 1333 3279; baseline 0.001 -18"><span class='ocrx_word' id='word_1_174' title='bbox 319 3196 504 3279; x_wconf 86' lang='lat' dir='ltr'><strong>Disputatio</strong></span> <span class='ocrx_word' id='word_1_175' title='bbox 526 3197 606 3260; x_wconf 88' lang='lat' dir='ltr'><strong>enim</strong></span> <span class='ocrx_word' id='word_1_176' title='bbox 630 3195 671 3260; x_wconf 94' lang='lat' dir='ltr'><strong>de</strong></span> <span class='ocrx_word' id='word_1_177' title='bbox 691 3215 816 3262; x_wconf 88' lang='lat' dir='ltr'><strong>summo</strong></span> <span class='ocrx_word' id='word_1_178' title='bbox 836 3198 973 3262; x_wconf 89' lang='lat' dir='ltr'><strong>bominis</strong></span> <span class='ocrx_word' id='word_1_179' title='bbox 994 3197 1077 3262; x_wconf 85' lang='lat' dir='ltr'><strong>bono</strong></span> <span class='ocrx_word' id='word_1_180' title='bbox 1096 3199 1170 3262; x_wconf 89' lang='lat' dir='ltr'><strong>sive</strong></span> <span class='ocrx_word' id='word_1_181' title='bbox 1190 3198 1231 3262; x_wconf 90' lang='lat' dir='ltr'><strong>de</strong></span> <span class='ocrx_word' id='word_1_182' title='bbox 1253 3198 1333 3262; x_wconf 86' lang='lat' dir='ltr'><strong>bea·</strong></span> 
     </span>
     <span class='ocr_line' id='line_1_24' title="bbox 236 3306 1335 3390; baseline -0.004 -16"><span class='ocrx_word' id='word_1_183' title='bbox 236 3308 432 3376; x_wconf 83' lang='lat' dir='ltr'><strong>titudinene</strong></span> <span class='ocrx_word' id='word_1_184' title='bbox 452 3306 571 3370; x_wconf 82' lang='lat' dir='ltr'><strong>frustra</strong></span> <span class='ocrx_word' id='word_1_185' title='bbox 591 3307 735 3370; x_wconf 87' lang='lat' dir='ltr'><strong>institute</strong></span> <span class='ocrx_word' id='word_1_186' title='bbox 756 3317 863 3388; x_wconf 85' lang='lat' dir='ltr'><strong>esset,</strong></span> <span class='ocrx_word' id='word_1_187' title='bbox 894 3307 939 3370; x_wconf 90' lang='lat' dir='ltr'><strong>ita</strong></span> <span class='ocrx_word' id='word_1_188' title='bbox 967 3306 1188 3390; x_wconf 90' lang='lat' dir='ltr'><strong>persequenda</strong></span> <span class='ocrx_word' id='word_1_189' title='bbox 1205 3307 1277 3387; x_wconf 83' lang='lat' dir='ltr'><strong>luit,</strong></span> <span class='ocrx_word' id='word_1_190' title='bbox 1299 3315 1335 3370; x_wconf 88' lang='lat' dir='ltr'><strong>ut</strong></span> 
     </span>
     <span class='ocr_line' id='line_1_25' title="bbox 236 3413 1334 3502; baseline -0.002 -20"><span class='ocrx_word' id='word_1_191' title='bbox 236 3419 383 3502; x_wconf 90' lang='lat' dir='ltr'><strong>politicus</strong></span> <span class='ocrx_word' id='word_1_192' title='bbox 405 3414 610 3492; x_wconf 86' lang='lat' dir='ltr'><strong>edoceretur,</strong></span> <span class='ocrx_word' id='word_1_193' title='bbox 636 3413 710 3497; x_wconf 94' lang='lat' dir='ltr'><strong>quid</strong></span> <span class='ocrx_word' id='word_1_194' title='bbox 732 3423 823 3478; x_wconf 88' lang='lat' dir='ltr'><strong>esset</strong></span> <span class='ocrx_word' id='word_1_195' title='bbox 842 3415 947 3478; x_wconf 87' lang='lat' dir='ltr'><strong>virtus</strong></span> <span class='ocrx_word' id='word_1_196' title='bbox 959 3458 970 3496; x_wconf 95' lang='lat'><strong>,</strong></span> <span class='ocrx_word' id='word_1_197' title='bbox 992 3413 1149 3498; x_wconf 91' lang='lat' dir='ltr'><strong>quomodo</strong></span> <span class='ocrx_word' id='word_1_198' title='bbox 1171 3434 1241 3480; x_wconf 84' lang='lat' dir='ltr'><strong>eam</strong></span> <span class='ocrx_word' id='word_1_199' title='bbox 1264 3415 1334 3498; x_wconf 84' lang='lat' dir='ltr'><strong>ipss</strong></span> 
     </span>
     <span class='ocr_line' id='line_1_26' title="bbox 237 3517 1332 3606; baseline -0.002 -18"><span class='ocrx_word' id='word_1_200' title='bbox 237 3530 499 3606; x_wconf 84' lang='lat' dir='ltr'><strong>consequeretur,</strong></span> <span class='ocrx_word' id='word_1_201' title='bbox 522 3518 563 3584; x_wconf 88' lang='lat' dir='ltr'><strong>ad</strong></span> <span class='ocrx_word' id='word_1_202' title='bbox 586 3537 721 3601; x_wconf 87' lang='lat' dir='ltr'><strong>eamque</strong></span> <span class='ocrx_word' id='word_1_203' title='bbox 741 3517 898 3602; x_wconf 89' lang='lat' dir='ltr'><strong>quomodo</strong></span> <span class='ocrx_word' id='word_1_204' title='bbox 920 3520 1001 3585; x_wconf 84' lang='lat' dir='ltr'><strong>alios</strong></span> <span class='ocrx_word' id='word_1_205' title='bbox 1026 3521 1218 3586; x_wconf 79' lang='lat' dir='ltr'><strong>informaret.</strong></span> <span class='ocrx_word' id='word_1_206' title='bbox 1262 3523 1332 3586; x_wconf 89' lang='lat' dir='ltr'><strong>lta·</strong></span> 
     </span>
    </p>
   </div>
   <div class='ocr_carea' id='block_1_5' title="bbox 235 3704 524 3723">
    <p class='ocr_par' dir='ltr' id='par_1_6' title="bbox 235 3704 524 3723">
     <span class='ocr_line' id='line_1_27' title="bbox 235 3704 524 3723; baseline -0.003 0"><span class='ocrx_word' id='word_1_207' title='bbox 235 3704 524 3723; x_wconf 39' lang='lat'><strong>“-</strong></span> 
     </span>
    </p>
   </div>
   <div class='ocr_carea' id='block_1_6' title="bbox 304 3803 1335 4151">
    <p class='ocr_par' dir='ltr' id='par_1_7' title="bbox 304 3803 1335 4151">
     <span class='ocr_line' id='line_1_28' title="bbox 304 3803 1334 3878; baseline -0.007 -14"><span class='ocrx_word' id='word_1_208' title='bbox 304 3811 463 3878; x_wconf 79' lang='lat' dir='ltr'><strong>4.s.1a.);</strong></span> <span class='ocrx_word' id='word_1_209' title='bbox 480 3811 559 3864; x_wconf 86' lang='lat' dir='ltr'><strong>liberi</strong></span> <span class='ocrx_word' id='word_1_210' title='bbox 576 3811 622 3876; x_wconf 77' lang='lat' dir='ltr'><strong>ita,</strong></span> <span class='ocrx_word' id='word_1_211' title='bbox 639 3815 669 3863; x_wconf 84' lang='lat' dir='ltr'><strong>ut</strong></span> <span class='ocrx_word' id='word_1_212' title='bbox 686 3823 718 3862; x_wconf 81' lang='lat' dir='ltr'><strong>ea</strong></span> <span class='ocrx_word' id='word_1_213' title='bbox 734 3809 784 3873; x_wconf 86' lang='lat' dir='ltr'><strong>ipsi</strong></span> <span class='ocrx_word' id='word_1_214' title='bbox 802 3807 888 3860; x_wconf 85' lang='lat' dir='ltr'><strong>ethice</strong></span> <span class='ocrx_word' id='word_1_215' title='bbox 906 3810 933 3860; x_wconf 86' lang='lat' dir='ltr'><strong>et</strong></span> <span class='ocrx_word' id='word_1_216' title='bbox 950 3805 1094 3858; x_wconf 84' lang='lat' dir='ltr'><strong>theoretice</strong></span> <span class='ocrx_word' id='word_1_217' title='bbox 1113 3803 1334 3870; x_wconf 77' lang='lat' dir='ltr'><strong>utantur-(ibid).</strong></span> 
     </span>
     <span class='ocr_line' id='line_1_29' title="bbox 306 3895 1334 3967; baseline -0.01 -13"><span class='ocrx_word' id='word_1_218' title='bbox 306 3903 386 3954; x_wconf 79' lang='lat' dir='ltr'><strong>Servi</strong></span> <span class='ocrx_word' id='word_1_219' title='bbox 402 3917 479 3954; x_wconf 87' lang='lat' dir='ltr'><strong>suum</strong></span> <span class='ocrx_word' id='word_1_220' title='bbox 497 3902 608 3967; x_wconf 85' lang='lat' dir='ltr'><strong>quisque</strong></span> <span class='ocrx_word' id='word_1_221' title='bbox 625 3915 694 3964; x_wconf 88' lang='lat' dir='ltr'><strong>opus</strong></span> <span class='ocrx_word' id='word_1_222' title='bbox 712 3899 861 3963; x_wconf 83' lang='lat' dir='ltr'><strong>perficiunt,</strong></span> <span class='ocrx_word' id='word_1_223' title='bbox 875 3898 900 3948; x_wconf 90' lang='lat' dir='ltr'><strong>si</strong></span> <span class='ocrx_word' id='word_1_224' title='bbox 910 3900 1034 3948; x_wconf 84' lang='lat' dir='ltr'><strong>berorum</strong></span> <span class='ocrx_word' id='word_1_225' title='bbox 1045 3895 1175 3946; x_wconf 87' lang='lat' dir='ltr'><strong>rationem</strong></span> <span class='ocrx_word' id='word_1_226' title='bbox 1186 3899 1334 3957; x_wconf 77' lang='lat' dir='ltr'><strong>sequentes</strong></span> 
     </span>
     <span class='ocr_line' id='line_1_30' title="bbox 305 3983 1335 4059; baseline -0.01 -15"><span class='ocrx_word' id='word_1_227' title='bbox 305 4007 358 4044; x_wconf 88' lang='lat' dir='ltr'><strong>ooo</strong></span> <span class='ocrx_word' id='word_1_228' title='bbox 376 3995 433 4044; x_wconf 85' lang='lat' dir='ltr'><strong>sine</strong></span> <span class='ocrx_word' id='word_1_229' title='bbox 450 3995 554 4046; x_wconf 86' lang='lat' dir='ltr'><strong>ratione</strong></span> <span class='ocrx_word' id='word_1_230' title='bbox 572 3998 666 4059; x_wconf 74' lang='lat' dir='ltr'><strong>agunt.</strong></span> <span class='ocrx_word' id='word_1_231' title='bbox 700 3991 791 4059; x_wconf 79' lang='lat' dir='ltr'><strong>Quare</strong></span> <span class='ocrx_word' id='word_1_232' title='bbox 808 4003 877 4053; x_wconf 88' lang='lat' dir='ltr'><strong>opus</strong></span> <span class='ocrx_word' id='word_1_233' title='bbox 901 4001 1044 4040; x_wconf 84' lang='lat' dir='ltr'><strong>servorum</strong></span> <span class='ocrx_word' id='word_1_234' title='bbox 1067 3991 1110 4038; x_wconf 88' lang='lat' dir='ltr'><strong>est</strong></span> <span class='ocrx_word' id='word_1_235' title='bbox 1131 3986 1211 4036; x_wconf 84' lang='lat' dir='ltr'><strong>animi</strong></span> <span class='ocrx_word' id='word_1_236' title='bbox 1227 3983 1335 4054; x_wconf 71' lang='grc' dir='ltr'><strong>ἐνέργεια</strong></span> 
     </span>
     <span class='ocr_line' id='line_1_31' title="bbox 305 4077 1289 4151; baseline -0.004 -19"><span class='ocrx_word' id='word_1_237' title='bbox 305 4097 361 4133; x_wconf 90' lang='lat' dir='ltr'><strong>non</strong></span> <span class='ocrx_word' id='word_1_238' title='bbox 378 4083 439 4134; x_wconf 88' lang='lat' dir='ltr'><strong>sine</strong></span> <span class='ocrx_word' id='word_1_239' title='bbox 456 4085 578 4148; x_wconf 79' lang='lat' dir='ltr'><strong>retiam,</strong></span> <span class='ocrx_word' id='word_1_240' title='bbox 596 4080 841 4151; x_wconf 66' lang='lat' dir='ltr'><strong>liberorumanimi</strong></span> <span class='ocrx_word' id='word_1_241' title='bbox 858 4077 964 4147; x_wconf 73' lang='grc' dir='ltr'><strong>ἐνέργεια</strong></span> <span class='ocrx_word' id='word_1_242' title='bbox 981 4080 1129 4130; x_wconf 82' lang='lat' dir='ltr'><strong>seeundum</strong></span> <span class='ocrx_word' id='word_1_243' title='bbox 1147 4077 1289 4128; x_wconf 86' lang='lat' dir='ltr'><strong>rationem.</strong></span> 
     </span>
    </p>
   </div>
   <div class='ocr_carea' id='block_1_7' title="bbox 255 4166 1334 4236">
    <p class='ocr_par' dir='ltr' id='par_1_8' title="bbox 255 4166 1334 4236">
     <span class='ocr_line' id='line_1_32' title="bbox 255 4166 1334 4236; baseline -0.006 -12"><span class='ocrx_word' id='word_1_244' title='bbox 255 4170 286 4229; x_wconf 82' lang='lat'><strong>1)</strong></span> <span class='ocrx_word' id='word_1_245' title='bbox 305 4171 364 4224; x_wconf 77' lang='lat' dir='ltr'><strong>sto.</strong></span> <span class='ocrx_word' id='word_1_246' title='bbox 382 4171 441 4223; x_wconf 82' lang='lat' dir='ltr'><strong>Nic.</strong></span> <span class='ocrx_word' id='word_1_247' title='bbox 458 4172 480 4225; x_wconf 83' lang='lat'><strong>1.</strong></span> <span class='ocrx_word' id='word_1_248' title='bbox 497 4173 524 4222; x_wconf 81' lang='grc' dir='ltr'><strong>θ.</strong></span> <span class='ocrx_word' id='word_1_249' title='bbox 542 4171 588 4228; x_wconf 83' lang='grc'><strong>10.</strong></span> <span class='ocrx_word' id='word_1_250' title='bbox 713 4169 745 4236; x_wconf 72' lang='lat'><strong>2)</strong></span> <span class='ocrx_word' id='word_1_251' title='bbox 762 4169 826 4224; x_wconf 87' lang='lat' dir='ltr'><strong>ibid.</strong></span> <span class='ocrx_word' id='word_1_252' title='bbox 842 4170 864 4222; x_wconf 87' lang='lat'><strong>1.</strong></span> <span class='ocrx_word' id='word_1_253' title='bbox 884 4167 928 4221; x_wconf 85' lang='lat'><strong>1⁰.</strong></span> <span class='ocrx_word' id='word_1_254' title='bbox 1054 4166 1085 4231; x_wconf 79' lang='grc'><strong>8)</strong></span> <span class='ocrx_word' id='word_1_255' title='bbox 1103 4167 1166 4225; x_wconf 82' lang='lat' dir='ltr'><strong>lbld.</strong></span> <span class='ocrx_word' id='word_1_256' title='bbox 1183 4169 1205 4218; x_wconf 89' lang='lat' dir='ltr'><strong>l.</strong></span> <span class='ocrx_word' id='word_1_257' title='bbox 1225 4167 1269 4220; x_wconf 87' lang='lat' dir='ltr'><strong>ll.</strong></span> <span class='ocrx_word' id='word_1_258' title='bbox 1289 4167 1334 4218; x_wconf 75' lang='lat' dir='ltr'><strong>ta.</strong></span> 
     </span>
    </p>
   </div>
   <div class='ocr_carea' id='block_1_8' title="bbox 0 0 1568 4918">
    <p class='ocr_par' dir='ltr' id='par_1_9' title="bbox 0 0 1568 4918">
     <span class='ocr_line' id='line_1_33' title="bbox 0 0 1568 4918; baseline 0 0"><span class='ocrx_word' id='word_1_259' title='bbox 0 0 1568 4918; x_wconf 95' lang='lat' dir='ltr'><strong> </strong></span> 
     </span>
    </p>
   </div>
  </div>
 </body>
</html>
