3124 4918
221 535 356 612 negaret
377 529 449 592 illos
468 523 632 608 opudlhos
653 526 779 588 servire
793 525 909 588 iustum
931 519 1032 588 esse‘l
1052 526 1141 606 Ergo
1167 524 1205 588 ld.
1233 534 1325 589 nette

219 657 282 700 uon
297 637 447 698 iniustum
458 642 523 715 est,
536 651 632 714 quum
645 642 783 698 mentem
795 633 934 696 divinem
951 633 1041 696 liberi
1058 633 1205 708 hebetent,
1230 634 1318 696 servi

216 763 280 810 non
302 746 440 808 hobeeut
462 744 549 814 (Pol.
574 744 601 806 l.
623 743 681 817 5.).

294 851 362 916 Sed
383 851 435 934 qui
463 869 579 914 servos
602 851 693 934 lege,
710 869 773 914 non
795 861 909 914 nature
930 869 1007 914 esse
1032 851 1152 934 dieunt,
1170 861 1255 914 reete
1276 853 1317 914 illi

219 960 366 1045 quidem
391 961 419 1022 si
441 962 611 1041 loquuntur
631 959 671 1022 de
693 959 759 1040 eis,
781 959 835 1040 qui
854 968 967 1022 nature
990 958 1080 1022 liberi
1100 961 1217 1022 iniusto
1238 960 1320 1022 bello

218 1070 249 1132 in
271 1068 456 1132 servitutem
479 1066 598 1129 reducti
621 1075 712 1130 sunt:
737 1066 841 1128 sindo
857 1067 1015 1148 omnibus,
1038 1071 1204 1129 averitete
1221 1069 1319 1130 eber·

145 1155 151 1164 ⁴
216 1184 296 1240 mt.
338 1176 456 1257 Neque
488 1175 571 1236 euim
600 1173 710 1255 liberi,
741 1173 775 1234 iu
802 1173 990 1236 seruitutem
1011 1173 1140 1238 abducti
1170 1195 1226 1256 pro
1248 1194 1321 1237 ser-

212 1283 264 1346 vis
290 1301 426 1364 unquam
448 1278 588 1343 habendi
608 1287 693 1355 sunt,
716 1298 813 1362 quum
833 1286 947 1342 nature
967 1279 1055 1341 servi
1074 1300 1139 1342 non
1156 1281 1233 1343 slot
1273 1283 1318 1344 At

215 1409 296 1452 vero
316 1389 368 1450 elii
388 1387 476 1450 servi
488 1395 563 1448 sulit
584 1385 762 1450 seeundum
776 1393 937 1465 neturem3
965 1386 1075 1469 eisque
1086 1407 1180 1468 quum
1203 1389 1321 1451 bellum

216 1497 334 1578 ⁰ptimo
356 1496 425 1557 iure
445 1495 589 1574 infertur,
615 1502 681 1557 tum
703 1493 819 1556 iustum
841 1501 944 1554 estet
967 1493 1043 1554 utile
1066 1495 1201 1558 servire.

314 1601 437 1680 Quibus
454 1602 624 1682 expositis,
639 1609 771 1682 appetet
786 1607 853 1662 ete
876 1595 1030 1684 πολιτικῇ
1061 1599 1244 1682 discrepare
1265 1606 1324 1670 δε-

216 1702 383 1786 σποτείαν,
417 1729 517 1794 quum
531 1709 631 1771 altere
643 1709 804 1790 imperium
814 1711 856 1768 sit
867 1707 1036 1788 inliberos,
1052 1709 1207 1772 inservos
1222 1718 1326 1784 altere

219 1826 252 1879 et
263 1804 466 1900 οἰκονομικήν
478 1796 573 1880 aliero
593 1833 669 1877 esee
684 1832 724 1876 oe
737 1800 921 1897 πολιτικήν,
942 1831 1037 1893 quum
1060 1817 1102 1878 sit
1123 1819 1204 1883 illud
1232 1824 1326 1887 unius

215 1923 377 2004 imperium
400 1927 433 1986 in
454 1923 652 2003 insequeles,
673 1921 736 1984 loeo
756 1923 935 2002 aequalium
957 1923 1130 2004 imperium.

302 2033 351 2094 lte
382 2031 572 2094 Aristoteles
598 2028 806 2112 quaestiones
832 2026 875 2090 de
900 2029 1095 2111 simplicibus
1128 2035 1324 2116 reipublicae

219 2138 360 2220 pertibus
377 2145 409 2200 et
423 2136 464 2198 tls
481 2131 662 2220 δεσποτικῇ
685 2134 898 2214 disputatione
906 2134 947 2200 de
968 2137 1110 2226 imperiis
1140 2146 1236 2222 quasi
1258 2147 1323 2208 eir-

222 2241 391 2306 oumdedit.
433 2243 519 2303 Nem
539 2239 626 2322 quod
647 2239 687 2302 eb
708 2237 795 2300 initio
807 2239 914 2318 posuit
935 2258 998 2302 non
1019 2259 1093 2304 esse
1110 2245 1241 2308 eosdem
1259 2267 1324 2310 ouo*

218 2335 349 2424 λιτικόκ,
359 2334 538 2427 βασιλικόν,
558 2333 769 2425 οἰκονομικόν,
780 2335 985 2426 tetamento,
1001 2348 1042 2411 ed
1057 2349 1141 2414 idem
1153 2356 1323 2418 revertitur

220 2457 265 2536 in
285 2457 349 2518 line
362 2459 396 2531 ¹).
453 2457 566 2537 lteque
602 2453 685 2536 quod
715 2454 857 2534 promisit
885 2441 1065 2541 (ὀψόμεθα
1091 2454 1171 2546 περὶ
1201 2449 1325 2524 τούτων

216 2558 352 2646 μᾶλλον,
367 2557 402 2626 τί
421 2581 459 2624 τε
481 2553 694 2645 διαφέρουσιν
714 2546 872 2643 ἀλλήλων.
895 2563 962 2626 ΡοΙ.
987 2565 1321 2640 l.1.)effeeitsimut-

222 2690 286 2753 que
297 2672 375 2736 dixit
390 2671 430 2736 de
441 2690 504 2734 uno
519 2669 658 2732 lemillee
670 2667 842 2748 elemento,
856 2667 896 2734 de
908 2664 1095 2757 δεσποτικῇ.
1118 2674 1236 2738 Restat
1250 2678 1317 2761 igi.

220 2790 284 2858 tur,
322 2791 357 2844 ut
379 2787 518 2860 exponet
539 2779 732 2858 reliquorum
755 2777 981 2840 elementorum
1004 2779 1077 2860 quid
1099 2781 1246 2864 quodque
1269 2787 1322 2867 sit,

223 2895 257 2950 et
279 2888 372 2967 quale
382 2887 424 2946 sit
447 2891 604 2964 oporteat,
624 2891 657 2944 ot
678 2880 751 2962 quid
765 2869 910 2956 τεχνικόν
931 2881 972 2945 de
994 2884 1044 2946 eis
1062 2883 1092 2946 iu
1108 2897 1256 2966 promptu
1270 2891 1323 2951 sit.

223 2989 292 3055 sed
316 2997 391 3052 ente
418 2975 457 3050 τὸ
483 2973 628 3063 τεχνικόν
647 2979 727 3067 περὶ
741 2971 799 3067 epo
830 2972 1027 3067 δεσποτικήν
1057 2989 1322 3067 queutulumeun.

224 3117 285 3180 que
306 3105 358 3160 est
377 3093 508 3175 protere
550 3091 745 3172 Respieieus
767 3089 905 3154 eumad
926 3091 958 3152 id
979 3092 1062 3174 quod
1081 3097 1223 3158 nonnulli
1240 3115 1321 3160 een-

222 3213 367 3289 suerunt‚
389 3201 567 3268 seeundum
589 3201 756 3268 seientiam
770 3199 970 3264 essenorum
992 3221 1054 3264 uon
1072 3205 1248 3270 seeundum
1261 3229 1324 3272 ne·-

224 3329 347 3400 turem,
376 3323 428 3378 est
447 3313 596 3398 quidem,
624 3313 742 3396 inquit,
774 3310 929 3394 quaedem
958 3311 1102 3377 herorum
1133 3319 1269 3400 solentis
1291 3331 1323 3382 et

237 3562 267 3628 1)
284 3561 364 3631 Quod
380 3563 433 3616 iem
456 3563 545 3616 medio
562 3563 590 3615 ln
607 3563 676 3615 libro
692 3563 713 3614 l.
730 3567 758 3614 et
768 3563 844 3629 quasi
855 3563 881 3614 ln
891 3561 1192 3625 trousitudlseeptstum
1213 3569 1268 3626 est,
1281 3564 1321 3614 ei·

283 3657 377 3708 denne
392 3656 447 3707 sint
463 3651 633 3721 οἰκονομικός,
649 3651 790 3720 βασιλικός,
807 3652 948 3720 πολιτικός,
964 3668 1000 3706 en
1018 3667 1084 3717 non,
1103 3660 1187 3704 ex‘eo
1210 3656 1322 3717 perspici

285 3750 383 3809 petest,
400 3759 456 3798 non
474 3751 561 3800 totum
577 3745 606 3798 in
623 3759 656 3796 ee
673 3758 728 3798 une
744 3745 880 3798 solvende
902 3745 1063 3810 quaestione
1086 3745 1195 3796 verset-t
1213 3747 1321 3798 librum.

287 3837 378 3899 Neque
395 3839 421 3888 ld
438 3849 534 3888 verum
552 3840 604 3902 est,
621 3836 692 3900 quod
708 3835 844 3898 nonnulli,
859 3834 927 3886 illud
937 3836 1048 3904 λέγωμεν
1058 3829 1103 3888 οὖν
1120 3832 1251 3904 ἀρξάμενοι
1267 3839 1321 3904 (el.

285 3927 312 3988 ς.
332 3926 392 3988 18.)
410 3927 473 3989 quid
488 3927 541 3978 sibi
570 3926 652 3976 vellet
676 3938 730 3976 non
749 3927 877 3990 associuti,
895 3927 981 3989 prlmo
999 3928 1091 3980 stetim
1108 3929 1178 3980 libro
1196 3929 1323 3978 dixerunt

283 4016 472 4080 Arlstotelen,
489 4030 569 4078 quum
592 4014 715 4065 Plutonis
732 4007 906 4080 redargueret
931 4017 1103 4083 sententium,
1129 4021 1260 4069 accedere
1284 4021 1320 4070 ed

286 4101 497 4170 ultitimum,
520 4105 647 4168 numquid
664 4107 740 4157 reete
756 4105 854 4158 tiletum
872 4111 945 4158 esset
963 4120 980 4157 e
998 4108 1191 4172 superioribus.
1226 4107 1320 4173 (Con-

290 4200 370 4266 rtnglt
387 4201 493 4253 11111011.
508 4202 557 4251 lv.
570 4201 599 4262 8.
614 4200 656 4257 ⁴.)
