3118 4914
227 527 309 590 alter
337 525 454 590 fundus
484 529 569 590 sitns
594 525 639 588 sit
666 543 768 607 prope
789 524 912 606 urbem,
941 523 1023 586 alter
1051 522 1139 586 hand
1170 523 1322 605 procula

226 634 368 696 eiviutts
396 633 520 696 finibus.
572 632 719 715 lienique
739 631 881 694 breviter
901 629 978 694 dicit
1001 629 1043 694 de
1064 629 1215 712 agricolis
1236 630 1323 703 (Pol.

190 766 192 772 ·
226 741 300 806 vll.
321 741 352 809 8.
372 742 403 804 il.
427 741 494 817 to.)

727 878 756 946 ς.
778 872 829 936 48.

613 1008 651 1057 lis
669 1005 847 1069 descriptione
866 1006 948 1056 urbis.

308 1129 482 1211 Postquam
505 1127 546 1190 de
568 1125 710 1188 civitatis
731 1125 795 1186 situ
814 1126 952 1188 maxime
966 1125 1095 1208 optabili
1109 1145 1215 1210 pauca
1228 1144 1325 1210 prae-

225 1236 344 1318 posuit,
366 1235 497 1297 disserit
510 1232 550 1296 de
561 1234 643 1295 locis
661 1232 801 1311 munitis,
824 1231 864 1292 de
879 1231 1040 1294 domorum
1057 1233 1326 1298 exaedificatione

225 1351 259 1404 et
280 1343 525 1420 continuatione,
553 1339 594 1401 de
616 1339 792 1401 moenibus.
834 1337 958 1402 Deinde
980 1339 1145 1421 describit,
1168 1341 1325 1424 quomodo

225 1450 426 1514 instituendis
448 1443 627 1524 συσσιτίοις
644 1447 791 1510 aedilicia
810 1448 1069 1512 commodissime
1087 1459 1325 1534 construantur,

226 1558 281 1642 qui
303 1559 474 1622 ordinanda
496 1559 559 1620 sint
580 1559 669 1640 lora,
700 1557 883 1640 gymnasia,
916 1558 1117 1638 praetorium.
1172 1558 1326 1622 Ceterum

227 1665 383 1728 eiusmodi
405 1683 457 1727 res
477 1685 570 1747 quum
593 1665 635 1727 ad
657 1663 888 1744 disponendum
913 1684 975 1728 uon
996 1664 1141 1730 difficiles
1170 1667 1251 1750 sint,
1273 1667 1325 1731 la-

233 1774 298 1836 tius
321 1772 531 1854 explicandae
551 1789 614 1833 non
637 1781 720 1832 sunt.
886 1757 888 1762 ¹

310 1879 372 1938 llis
394 1875 521 1960 quidem
544 1876 587 1937 ita
610 1877 804 1956 explanatis,
827 1872 910 1957 quod
931 1874 991 1937 sibi
1012 1885 1223 1957 proposuerat
1250 1877 1326 1940 Ari-

226 1986 362 2049 stoteles
384 1984 521 2064 edocuit,
546 1983 704 2066 quomodo
719 1992 838 2046 natura
848 1987 945 2065 serat,
963 1992 999 2046 ut
1012 1985 1129 2066 optima
1145 1985 1325 2068 respublica

226 2095 346 2157 existat
377 2102 409 2158 et
435 2115 455 2154 a
483 2093 666 2170 lepislctore
688 2091 800 2173 quibus
821 2091 947 2174 legibus
969 2097 1183 2156 constituatur
1204 2087 1324 2168 (καθί-

226 2200 397 2272 στασθαι).
439 2200 506 2260 lam
529 2195 762 2279 transgreditur
783 2194 889 2275 adid,
911 2195 995 2278 quud
1017 2197 1047 2258 in
1070 2199 1125 2262 ill.
1149 2197 1197 2260 18.
1220 2198 1324 2281 signi-

226 2309 337 2372 ficavit
349 2309 407 2380 (ef.
420 2315 448 2380 S.
459 2306 509 2368 53.
522 2307 709 2386 v111.1x.],
725 2308 949 2384 rempublicam
960 2313 1107 2386 optimam
1119 2313 1227 2372 eedem
1238 2333 1325 2375 eona·

224 2421 303 2496 poni
312 2407 563 2491 (συνίστασθαι)
574 2419 707 2490 ratione,
726 2434 791 2495 qua
806 2419 854 2477 eir
870 2419 984 2478 enodat
993 2420 1094 2480 donus
1104 2417 1326 2498 (σπουδαῖος).

229 2712 364 2778 optima
379 2714 587 2779 respublica
604 2715 825 2780 quarantene
840 2731 881 2769 ex
896 2717 1052 2786 singulis
1066 2723 1209 2778 uiribus
1226 2727 1327 2779 bonis

535 2807 757 2876 (superiecere)
775 2819 1018 2876 componatur.

327 2897 386 2947 sire
402 2897 504 2963 singuli
521 2899 598 2949 cives
615 2913 668 2962 qua
684 2901 790 2952 ratione
808 2903 872 2954 boni
889 2902 1050 2972 (σπουδαῖοι)
1066 2909 1221 2962 renuuntur.

726 3026 753 3094 S.
777 3023 827 3084 49.

312 3147 365 3210 lix
392 3147 506 3231 quibus
536 3150 660 3215 civibus
689 3163 722 3216 et
753 3174 795 3218 ex
825 3155 973 3236 qualibus
1001 3152 1120 3240 optima
1150 3163 1329 3246 respublica

230 3256 452 3339 componenda
473 3259 533 3339 sit,
556 3261 707 3344 dicturus,
736 3266 870 3346 primurn
899 3279 1127 3332 commemorat
1149 3271 1230 3333 duas
1253 3289 1328 3336 esse

226 3385 292 3445 res,
315 3385 445 3448 quarum
468 3368 510 3429 sit
531 3368 677 3432 habenda
696 3373 786 3437 ratio.
830 3373 950 3452 Unam,
977 3383 1014 3436 ut
1043 3377 1114 3439 linit
1135 3387 1328 3460 proponatur

225 3490 326 3536 verus
358 3486 390 3538 et
421 3475 540 3556 iustus3
568 3477 718 3558 alteram,
751 3486 785 3538 ut
811 3479 1015 3562 exploretur,
1044 3483 1157 3564 quibus
1184 3483 1345 3550 homines

228 3579 322 3642 finem
337 3583 488 3666 consequi
502 3586 625 3664 possint
638 3583 824 3647 actionibus.
848 3583 997 3666 Optimae
1014 3588 1110 3670 igitur
1124 3591 1328 3675 reipublicae,

227 3683 258 3746 iu
279 3705 343 3768 qua
363 3689 461 3752 vitam
485 3691 576 3752 cives
598 3689 715 3770 degant
737 3691 863 3754 beatam
887 3693 939 3754 vel
957 3695 1108 3779 maxime,
1130 3701 1328 3780 propositam

229 3811 304 3854 esse
326 3797 369 3856 ait
389 3797 624 3860 beatitudinem.
646 3797 738 3862 llaec
753 3799 824 3879 ipsa
838 3809 943 3863 autem
968 3804 1106 3867 cernitur
1129 3806 1159 3868 in
1182 3799 1328 3894 ἐνεργείᾳ

227 3899 418 3986 uirtutisque
437 3923 497 3968 usu
515 3905 658 3986 perfecto
675 3906 903 3988 simpliciter¹).
926 3910 1065 3975 Virtutis
1084 3913 1208 3996 quidem
1227 3937 1329 4002 χορη-

246 4135 278 4196 1)
297 4136 349 4186 Per
373 4136 436 4188 milri
459 4139 552 4190 mirum
577 4141 665 4195 visum
690 4147 747 4210 est,
773 4147 844 4210 quod
861 4147 887 4197 h.
904 4144 923 4196 1.
940 4150 967 4198 et
984 4146 1010 4198 in
1028 4161 1086 4212 cap.
1104 4149 1151 4202 lx.
1169 4151 1330 4204 Aristoteles

295 4225 456 4296 ιίδαιμονίαν
482 4233 579 4285 endem
604 4238 696 4292 verbis
715 4229 958 4307 declinantibus
977 4253 1044 4293 usus
1061 4245 1104 4294 est
1122 4243 1239 4307 scriptor
1257 4245 1328 4298 iiior.
