3118 4914
232 523 336 604 Quam
357 525 421 590 nial
441 525 533 588 cives
557 524 683 605 colunt,
715 525 746 588 in
772 525 959 594 servitutem
989 521 1172 604 redigaotm
1193 537 1331 584 necesse

232 643 292 696 est.
335 635 372 696 ln
394 633 458 696 otio
480 639 589 694 antem
612 632 664 716 qui
688 632 800 694 vivunt
815 631 910 694 etiarn
932 634 963 692 in
990 630 1188 712 philosophia
1204 645 1332 710 operam

233 751 360 819 ponent.
403 735 472 800 Sed
494 754 558 818 qua
576 737 698 800 ratione
721 733 791 818 liat,
813 744 847 798 ut
863 736 922 798 illis
935 735 1104 798 virtutibus
1117 739 1209 802 cives
1224 753 1333 798 omnes

234 846 412 924 excellant,
441 845 504 908 iam
525 843 697 906 videndum
721 851 780 905 est.
825 841 931 921 Quum
956 841 1053 925 igitur
1081 843 1265 905 necessaria
1291 842 1335 905 sit

232 953 356 1031 natura,
380 950 587 1034 consuetodo,
610 951 775 1033 disciplina
783 969 792 1030 3
816 951 855 1014 tle
878 961 990 1014 natura
1011 963 1116 1014 autem
1132 970 1229 1033 supra
1251 952 1333 1016 satis

231 1065 276 1124 sit
297 1063 495 1143 expositumz
526 1063 566 1124 de
594 1061 825 1126 consuetudine
847 1073 879 1124 et
903 1062 1071 1144 disciplina
1100 1063 1255 1145 reliquum
1283 1067 1335 1126 cst

239 1179 274 1232 ut
294 1169 425 1236 dicatur.
469 1171 609 1232 Primum
632 1179 739 1231 autem
762 1168 977 1252 quaerendum
999 1178 1060 1247 est,

734 1364 762 1432 S.
785 1361 834 1422 at.

309 1490 404 1540 Utrum
423 1487 565 1552 disciplina
584 1488 668 1554 prius,
686 1503 722 1540 an
740 1491 937 1542 consuetudine
954 1491 1032 1542 liberi
1050 1490 1178 1540 educandi
1195 1490 1257 1542 siut.

320 1607 447 1690 Corpus
468 1609 555 1686 prius
578 1607 720 1689 gignitur
742 1627 835 1690 quam
859 1614 997 1687 animus,
1026 1609 1120 1672 animi
1148 1627 1223 1689 pars
1251 1629 1333 1692 quae

234 1713 332 1776 habet
353 1713 542 1796 cupiditates
561 1715 759 1799 rationisque
781 1723 832 1778 est
854 1737 970 1798 expers
993 1718 1093 1798 prius,
1117 1736 1210 1796 quarn
1234 1717 1334 1779 altera

235 1841 319 1904 quac
339 1823 468 1886 rationis
490 1829 540 1886 est
560 1824 733 1905 particeps.
769 1823 876 1903 Quare
897 1828 1097 1909 perspicuum
1122 1835 1184 1902 est,
1208 1827 1335 1904 corpori

235 1930 372 2010 priorem
395 1929 603 1992 adhibendam
627 1931 919 1998 assecurationem
942 1933 1036 1995 animi
1062 1933 1184 2014 gratia,
1222 1932 1335 1996 deinde

234 2024 342 2119 ἀλόγῳ
363 2039 459 2100 animi
482 2039 561 2120 parti
583 2040 698 2102 mentis
720 2043 826 2122 gratia
848 2039 932 2113 (Pol.
957 2041 1030 2103 vti.
1055 2041 1133 2114 lin).

319 2142 425 2222 Quum
447 2156 553 2208 autem
577 2165 596 2209 a
619 2147 769 2229 principio
797 2147 971 2231 legislatori
1000 2147 1173 2210 corrandum
1202 2147 1265 2228 sit,
1299 2156 1334 2212 ut

235 2271 328 2334 quam
352 2254 468 2333 optima
492 2255 556 2315 sint
579 2271 725 2336 corpora,
748 2257 853 2336 capite
875 2255 1333 2336 XV1.pbllosopbusexpla·

239 2370 304 2440 nat,
328 2370 360 2423 et
382 2379 445 2442 qua
466 2369 573 2422 aetate
593 2364 626 2422 in
649 2363 877 2424 matrimonium
900 2362 1038 2424 eundum
1061 2367 1106 2424 sit
1127 2374 1159 2425 at
1179 2365 1336 2445 qualibus,

237 2487 332 2550 quum
356 2467 506 2547 maribus,
530 2475 595 2531 turn
618 2467 755 2532 leminis.
804 2470 952 2551 Denique
979 2478 1152 2552 praecepta
1175 2470 1253 2532 dare
1273 2487 1335 2532 nou

238 2575 345 2640 omisit
361 2577 545 2642 mulieribus
563 2578 813 2662 praegnantibus
826 2578 867 2641 de
882 2577 1048 2660 aptissima
1061 2577 1191 2640 vivendi
1205 2577 1336 2640 ratione.

726 2819 754 2886 t·
775 2816 826 2896 ⁵2·

239 2939 277 2990 [le
294 2937 439 2990 educandis
461 2939 608 2991 iniaatibus
631 2955 712 3006 usque
735 2945 769 2992 ad
791 2942 890 2992 aetatis
907 2953 1007 2992 annum
1025 2943 1059 2993 V.
1078 2942 1181 2991 atinde
1200 2955 1217 2992 a
1235 2945 1269 2994 V.
1288 2957 1337 2994 us-

694 3047 746 3099 quo
763 3037 798 3086 ad
815 3037 876 3088 vn.

321 3177 464 3240 infantes
485 3182 549 3242 iam
569 3197 589 3242 a
610 3179 710 3262 prima
731 3187 839 3242 aetate
860 3179 1096 3242 assuefacieudi
1126 3187 1203 3241 sunt
1233 3196 1337 3263 quas·

237 3284 308 3350 dam
338 3286 459 3349 adres
488 3283 692 3366 iniucundas3
720 3283 751 3346 id
780 3285 862 3346 enim
893 3283 933 3346 ad
963 3285 1130 3348 sanitatem
1155 3285 1282 3348 conlert
1304 3295 1337 3348 et

237 3397 278 3459 ad
300 3395 527 3460 fortitudinem.
549 3391 735 3457 Cavendum
755 3402 805 3456 est
823 3401 931 3458 autem
947 3394 1000 3457 vel
1021 3393 1273 3476 diligentissime,
1297 3413 1338 3454 ne

237 3505 336 3586 pueri,
359 3504 411 3590 qui
435 3521 535 3584 usque
557 3503 597 3565 ad
620 3520 735 3564 anuum
747 3501 824 3564 Vll.
845 3501 929 3564 domi
952 3502 1140 3582 nutriuntur,
1165 3522 1205 3564 ex
1227 3506 1338 3565 servis

237 3611 437 3676 inhonestum
466 3609 541 3694 quid
571 3618 603 3673 et
633 3618 725 3691 turpe
752 3608 880 3672 audiant
908 3617 963 3670 aut
992 3608 1131 3670 videant.
1175 3611 1204 3670 A
1229 3610 1338 3691 quinto

237 3730 341 3782 antem
364 3720 480 3782 aetatis
503 3737 584 3781 anno
608 3736 709 3802 usquc
731 3718 770 3780 ad
792 3718 864 3778 Vll.
887 3717 947 3778 iam
971 3717 1055 3798 aptis
1074 3715 1260 3798 quibusdam
1276 3716 1337 3778 do·

238 3828 347 3891 etrinis
370 3828 529 3900 imbuendi
551 3835 637 3890 suot.
660 3827 781 3906 Quibus
804 3829 846 3890 ita
868 3827 1034 3908 expositis,
1049 3826 1338 3897 Aristotelesviam

238 3938 334 4000 munit
357 3935 396 3998 ad
413 3939 523 3999 librum
540 3937 641 4016 vlit,
664 3937 715 4018 qui
739 3943 789 3997 est
812 3934 851 3996 de
873 3932 1064 3996 educatione
1083 3934 1338 3997 adulescentium

237 4045 277 4106 ab
300 4061 381 4106 aurio
400 4043 473 4108 Vll.
496 4062 597 4125 usque
619 4043 659 4106 ad
680 4042 880 4125 pubertatem
904 4047 936 4101 et
957 4039 1030 4101 inde
1052 4059 1071 4102 a
1093 4040 1258 4121 pubertate
1279 4059 1337 4104 us-

234 4149 297 4234 que
318 4148 359 4212 ad
380 4168 494 4212 annum
517 4151 612 4220 XXI.
695 4189 701 4199 -
