3118 4914
232 621 297 688 τῶν
317 611 505 710 ἀνθρώπων
538 617 593 683 καί
622 617 712 706 κοινῇ
742 620 816 694 ταῖς
837 606 955 682 πόλεσι
976 615 1031 682 καί
1051 619 1123 694 τοῖς
1141 607 1335 705 ἀνθρώποις

233 719 375 818 φανερόν
397 725 493 794 ἐστιν.
536 729 620 792 Dein
641 737 818 810 sequuntur
841 747 879 788 ea
903 727 1022 806 verba,
1046 745 1129 808 quae
1150 743 1248 810 supra
1271 727 1333 790 arl-

231 840 355 921 scripsi.
400 838 472 919 Quo
495 835 692 900 referendum
714 845 765 898 est
786 835 860 900 illud
881 824 1010 902 αι’νιιιῑνλ
1052 837 1088 900 Si
1110 837 1223 919 verba,
1247 856 1333 918 quae

232 961 407 1036 sequuntur
428 946 483 1013 καί
506 945 584 1036 περί
605 938 666 1023 τοὶς
687 937 790 1022 ἄλλας
810 943 981 1022 πολιτείας
1006 951 1222 1030 spectaveris,
1254 969 1332 1030 pro-

231 1081 347 1126 nomen
375 1049 481 1122 uriroiu
508 1057 745 1142 intelligendum
774 1077 851 1120 esse
882 1057 1034 1122 iudieabis
1062 1057 1103 1120 rle
1131 1052 1331 1137 πολιτείαις,·

230 1169 295 1233 siu:
321 1157 410 1232 Ἐπεί
437 1163 475 1230 δὲ
498 1160 762 1250 πεφροιμίασται
781 1153 824 1226 τοί
844 1160 898 1226 νῦν
919 1157 1074 1250 εἰρημένα
1094 1160 1173 1248 περὶ
1194 1152 1330 1240 (αὐτῶν)

229 1273 293 1340 τῶν
314 1273 487 1339 πολιτειῶν
506 1271 561 1339 καί
581 1271 661 1361 περί
686 1263 748 1348 τας
772 1263 874 1347 ἄλλας
898 1267 1069 1345 πολιτείας
1095 1259 1172 1356 ἡμῖν
1195 1259 1328 1338 rebem·

229 1405 326 1470 ρηται
348 1371 515 1470 πρότερον.
565 1386 607 1447 Et
635 1384 781 1465 proleeto
810 1383 966 1443 sententia
995 1381 1056 1442 nisi
1083 1381 1127 1442 ila
1150 1380 1328 1461 suppletur,

230 1502 318 1556 stare
343 1493 429 1554 nullo
452 1491 545 1554 modo
569 1499 685 1573 potest.
718 1489 778 1552 Cui
802 1490 883 1550 euim
905 1480 941 1548 ui
960 1476 1058 1548 ἄλλαι
1078 1482 1245 1548 πολιτεῖαι
1266 1507 1328 1568 op-

228 1610 382 1681 ponantur
409 1608 535 1682 praeter
562 1588 669 1661 αὖτῶν
696 1615 851 1680 nusquam
882 1595 1050 1678 quidquam
1079 1594 1165 1658 aliud
1194 1596 1328 1676 reperio.

227 1705 312 1768 Nam
335 1708 453 1788 optima
474 1707 670 1788 respublica,
706 1708 756 1770 eui
783 1709 844 1769 soli
872 1699 908 1767 ui
929 1695 1026 1768 ἄλλαι
1053 1702 1219 1769 πολιτεῖαι
1248 1723 1328 1768 sana

227 1819 387 1878 sententia
408 1817 576 1896 oppositae
599 1833 675 1877 esse
697 1825 844 1896 possunt,
861 1833 966 1894 neque
981 1823 1229 1876 uommemorutu
1251 1820 1327 1874 ante

168 1982 170 1987 ,
228 1927 280 1982 est
301 1940 406 2002 neque
427 1922 537 2002 plurali
560 1941 689 1982 numero
711 1909 849 1992 (αὐτῶν)
873 1919 1013 1982 effertur.
1034 1918 1101 1980 Sed
1118 1919 1192 1981 illud
1208 1937 1324 2001 quarn-
1375 1925 1376 1928 ’

225 2028 276 2090 vis
300 2029 344 2089 itu
365 2035 429 2109 est,
451 2025 491 2088 rie
517 2026 749 2106 rebuspubliois
773 2019 991 2097 (πολιτείαις)
1020 2033 1125 2086 tamen
1152 2043 1324 2106 pronomen

224 2118 330 2192 αὐτῶν
351 2130 455 2211 aoeipi
475 2150 537 2192 uon
556 2139 672 2212 potest
694 2131 812 2211 Neque
834 2129 915 2192 euim
939 2129 980 2193 de
1002 2123 1185 2202 πολιτείαις
1205 2149 1326 2211 prooe-

225 2235 340 2298 miatus
368 2243 420 2298 ast
449 2234 508 2297 sed
535 2234 576 2298 de
602 2235 730 2317 optabili
761 2237 838 2298 vita.
888 2235 997 2315 Quare
1023 2255 1129 2318 neque
1149 2236 1189 2300 ad
1210 2223 1326 2310 πόλεις

224 2341 388 2424 nequead
411 2329 621 2428 ἀνθρώπους,
642 2363 725 2426 quae
746 2353 821 2408 sunt
842 2345 943 2408 verba
964 2345 1137 2428 superioris
1159 2347 1324 2427 enuntiati,

225 2438 332 2513 αὐτῶν
353 2451 463 2513 referri
486 2453 548 2514 ullo
570 2452 665 2515 modo
688 2461 819 2534 potest·
849 2454 941 2516 llaee
963 2452 1003 2514 rle
1024 2455 1147 2518 voeulis
1160 2450 1240 2539 περὶ
1261 2442 1324 2516 αὕ-

223 2553 296 2619 vole.
333 2559 521 2642 Sequuntur
539 2554 594 2620 καὶ
612 2555 691 2644 περί
710 2549 771 2632 τοὶς
787 2549 889 2634 ἄλλας
908 2555 1079 2636 πολιτείας
1097 2549 1175 2645 ἡμῖν
1191 2548 1323 2624 τεθεώ-

224 2683 321 2748 ρηται
342 2653 512 2751 πρότερον.
562 2666 655 2754 Quae
683 2668 783 2730 verba
812 2685 869 2730 our
896 2669 926 2729 iu
953 2668 1036 2732 bane
1058 2671 1248 2733 seutentiam
1270 2671 1322 2732 in-

225 2781 314 2835 serta
335 2777 410 2850 sint,
433 2783 552 2844 tautum
573 2775 675 2853 abest,
696 2783 732 2838 ut
752 2775 867 2838 idonea
887 2775 1064 2839 inveniatur
1085 2777 1179 2858 ratio,
1195 2787 1322 2842 urseo-

223 2881 353 2944 teutiam
370 2882 494 2944 omniuo
509 2883 691 2964 perturbent
706 2885 896 2967 penitusque
910 2883 1129 2967 depravent¹].
1152 2885 1260 2965 Quare
1267 2881 1323 2952 καί

223 2982 303 3072 περὶ
318 2975 552 3074 ...πρότερον
583 2990 684 3053 verba
712 2992 899 3075 interposita
930 3011 1005 3056 esse
1034 3011 1107 3058 eum
1138 2995 1258 3058 Hilario
1288 3001 1322 3058 et

226 3106 400 3187 Spengelio
430 3105 619 3186 putaverim.
672 3105 806 3186 Reliqua
839 3114 946 3167 autem
973 3109 1024 3166 ita'
1047 3103 1217 3168 scribenda
1246 3121 1321 3166 esse

225 3211 393 3276 videntur:
433 3198 523 3271 Ἐπεί
549 3203 587 3272 δὲ
613 3203 876 3294 πεφροιμίασται
907 3197 950 3270 τοί
976 3203 1031 3270 νῦν
1059 3200 1213 3291 εἰρημένα
1240 3199 1320 3288 περὶ

223 3307 357 3396 τούτων,
378 3306 463 3403 ἅρχὴ
481 3314 545 3380 τῶν
563 3311 686 3380 λοιπῶν
694 3320 722 3392 ⁹)
741 3309 849 3378 εἰπεῖν
867 3336 895 3377 κ.
909 3335 938 3376 τ.
950 3310 979 3378 λ.
1022 3315 1126 3378 hibris
1149 3315 1230 3374 euim
1244 3312 1318 3373 Vll.

224 3438 257 3491 et
277 3429 368 3492 Vlll.
390 3428 430 3490 de
451 3447 509 3490 suo
531 3430 601 3493 loeo
625 3427 774 3507 demotis,
797 3423 927 3489 utillud
948 3419 1072 3485 λοιπῶν
1093 3420 1317 3501 expliearetur,

223 3535 264 3600 ad
285 3539 459 3618 marginem
480 3533 606 3599 adieutu
627 3542 703 3598 suut
723 3533 825 3599 baeer
848 3525 927 3616 περὶ
946 3519 1007 3602 τοῖς
1026 3516 1129 3600 ἄλλας
1150 3519 1319 3599 πολιτείας

238 3841 269 3906 l)
289 3841 332 3892 cl.
349 3841 474 3906 Spengel.
494 3842 582 3892 Ueber
598 3840 639 3892 dle
656 3841 716 3893 Pol.
733 3843 780 3894 rles
798 3841 883 3894 Arist.
900 3855 925 3905 p.
943 3841 990 3892 26.
1099 3879 1101 3884 .

238 3930 270 3996 Β)
289 3933 381 3984 Verba
397 3935 448 3984 τῶν
464 3934 556 3983 λοιπῶν
574 3932 637 3983 llum
655 3934 816 3997 interpuslta
833 3947 893 3986 esse
911 3933 979 3984 dlxlt
987 3935 1153 4000 spongeum
1171 3933 1204 3994 (l.
1215 3948 1239 3987 o.
1251 3950 1314 3994 aun.

287 4023 362 4088 28.);
387 4035 447 4074 urea
463 4022 568 4088 quldeur
586 4024 739 4092 sententia,
767 4038 821 4076 nou
840 4030 914 4076 reete
931 4027 969 4078 ol.
988 4027 1046 4077 Pol.
1064 4028 1086 4078 1.
1104 4027 1150 4079 18.
1168 4023 1242 4080 ’λίπ’
1260 4027 1317 4081 luel

287 4125 345 4191 περὶ
361 4124 410 4191 μίν
428 4120 552 4176 τούτων
576 4119 707 4190 διώρισται,
724 4123 781 4192 περὶ
799 4120 828 4174 ‹ll
845 4125 905 4172 τῶν
926 4123 1050 4173 λοιπῶν
1067 4117 1094 4172 ir
1111 4121 1190 4180 ἄλλοις
1207 4120 1315 4186 λεκιίον,

283 4217 338 4266 κτλ.
