3124 4918
687 349 894 414 ..71-

250 527 329 618 περὶ
350 527 410 615 τῆς
429 523 598 605 πολιτείας
619 519 684 616 ἤδη
705 526 882 616 πειρατέον
903 527 1007 614 λέγειν
1026 525 1085 613 τῆς
1104 517 1251 616 ἀρίστης,
1271 524 1343 592 τίνα

249 634 377 724 pipere
392 631 544 722 γίνεσθαι
558 626 681 724 τρόπον
702 633 757 701 καὶ
777 632 1006 701 καθίστασθαι
1026 633 1106 710 πῶς.
1147 627 1282 724 Ἀνάγκη
1303 627 1345 723 δή

249 734 306 808 τόν
341 741 500 826 μέλλοντα
541 741 621 834 περὶ
659 735 759 830 αὐτῆς
789 732 996 829 ποιήσασθαι
1031 734 1089 828 τήν
1121 733 1348 831 προσήκουσαν

251 845 378 938 σκέψιν.

333 983 490 1068 Haecet
518 1005 596 1079 alia,
633 1023 717 1086 qnae
743 1023 807 1068 non
832 1005 935 1068 solum
965 1004 1108 1068 Politicis
1138 1003 1196 1068 sed
1226 1003 1349 1068 lltbicin

252 1116 348 1175 etiam
370 1115 581 1192 continentur,
619 1110 772 1192 deinceps
795 1111 1051 1191 consideremus,
1082 1120 1117 1174 ut
1147 1111 1251 1194 quoad
1281 1113 1352 1175 eius

253 1221 361 1282 lacere
391 1220 572 1300 possimus,
605 1218 646 1282 do
676 1220 825 1283 librorum
853 1219 961 1282 ordino
989 1219 1241 1283 controversiam
1271 1217 1352 1282 diri·
1403 1245 1405 1248 ·

251 1345 389 1390 mamus.

337 1472 362 1537 1.
384 1472 420 1533 ln
441 1471 568 1534 urhieis
590 1469 686 1551 igitur
707 1469 874 1532 Aristoteli
894 1469 927 1532 id
957 1469 1153 1551 propositum
1181 1469 1283 1532 fuisse
1304 1462 1356 1533 di-

257 1573 373 1654 ximus,
391 1583 426 1636 ut
445 1575 616 1637 illustraret
634 1569 692 1657 τῆς
713 1570 883 1658 πολιτικῆς
904 1561 1072 1655 δυνάμεως
1092 1575 1186 1638 finem
1208 1596 1240 1638 v.
1261 1593 1354 1638 sum-

256 1699 340 1741 mum
361 1679 476 1740 bouum
500 1679 681 1760 humanum,
703 1679 797 1740 animi
820 1671 981 1764 ἐνέργειαν
1002 1679 1178 1742 secundum
1194 1680 1355 1742 virtutem.

258 1789 459 1854 Politicorum
471 1789 567 1852 libros
577 1797 682 1852 autem
697 1787 963 1869 Ethicisffadiungi
975 1805 1110 1850 necesse
1122 1789 1194 1870 fuit,
1210 1795 1245 1851 ut
1265 1807 1359 1850 sum·

134 1963 136 1968 ,
258 1917 343 1960 mum
364 1895 440 1960 illud
461 1898 589 1973 bouum,
611 1898 759 1960 virtutem
783 1897 868 1978 dico,
891 1895 1049 1978 quomodo
1071 1897 1215 1960 homines
1236 1914 1358 1960 conse-

257 2015 430 2086 querentur
458 2003 681 2084 explicaretur.
725 2003 830 2082 Quum
859 2012 965 2066 autem
996 2002 1037 2066 ad
1067 2007 1219 2068 virtutem
1241 2021 1361 2068 couse-

261 2110 419 2192 quendam
428 2112 521 2194 leges
530 2111 733 2174 necessariae
743 2111 925 2173 sintrectae
941 2111 1085 2194 bonaque
1107 2120 1139 2175 et
1161 2112 1308 2175 educatio
1330 2120 1363 2176 et
1426 2119 1428 2124 ’

258 2217 458 2280 consuetudo
483 2227 516 2280 ot
538 2217 668 2298 civitas,
689 2218 720 2277 in
741 2217 885 2278 Politicis
905 2221 1046 2297 inprimis
1065 2219 1277 2300 quaerendum
1299 2227 1362 2302 est,

259 2346 415 2408 quaenam
437 2331 481 2386 sit
505 2329 586 2387 bona
605 2347 632 2390 ο.
653 2330 771 2402 optima
792 2331 918 2400 ciuitas,
950 2333 1082 2408 eiusque
1102 2349 1257 2408 quaenam
1275 2329 1363 2406 depes

260 2437 299 2496 de
320 2437 522 2508 educatione,
545 2419 584 2494 dc
605 2419 830 2509 assuetudine,
851 2435 889 2494 de
911 2439 976 2494 tolo
996 2438 1069 2494 cita.
1111 2434 1231 2495 Virtuti
1252 2443 1359 2496 autem

261 2559 356 2622 quum
369 2549 518 2622 tanquam
539 2541 755 2602 instrumentis
774 2542 864 2601 bonis
881 2541 1069 2619 quibusdem
1085 2556 1166 2624 opus
1189 2541 1232 2604 sit
1252 2549 1366 2604 ester-

261 2651 326 2728 ois,
347 2667 385 2708 eo
398 2665 522 2729 quoque
543 2646 574 2706 in
596 2646 739 2708 Politicis
761 2645 974 2708 adumbrsnda
990 2657 1074 2711 sunt.
1118 2647 1241 2726 Quibus
1262 2647 1366 2710 omni-

220 2807 221 2814 ,
263 2751 324 2814 bus
340 2753 508 2834 expositis,
531 2749 678 2814 concludi
698 2759 796 2813 totum
819 2771 901 2832 opus
923 2752 1052 2825 (Ethica
1071 2761 1104 2815 ct
1119 2755 1270 2829 Politice)
1304 2773 1367 2835 po-

264 2867 368 2938 terat,
393 2877 488 2938 quum
520 2857 742 2920 adulescentes
794 2859 943 2920 bonorum
966 2861 1107 2922 ultimum
1131 2863 1258 2944 etquid
1280 2870 1371 2924 esset

266 2965 464 3042 didicissent,
477 2972 510 3025 et
530 2981 592 3042 qua
613 2963 645 3024 id
665 2963 786 3024 ratione
799 2963 1008 3042 impertiretur
1023 2966 1215 3028 civitatibus.
1237 2969 1371 3030 Praeter
1455 3009 1463 3013 -

268 3072 351 3133 haec
372 3088 464 3130 nemo
494 3076 580 3132 certe
599 3066 684 3129 aliud
705 3067 875 3149 quidquam
897 3068 1089 3149 requireret,
1121 3071 1182 3132 nisi
1204 3070 1244 3132 de
1264 3055 1370 3134 omni-

264 3177 325 3239 bus
349 3173 584 3254 rebuspubliois
606 3173 809 3255 Aristoteles,
835 3189 898 3236 uon
919 3173 959 3236 de
980 3173 1099 3255 optima
1115 3174 1216 3238 soluru
1239 3177 1372 3240 civitate

267 3297 300 3352 et
322 3288 449 3373 legibus
473 3285 636 3368 disputare
652 3285 854 3350 instituisset.
897 3285 982 3366 Quid
999 3286 1132 3354 autem?
1152 3289 1269 3350 Nonne
1287 3289 1373 3369 prius

266 3397 352 3462 illam
398 3417 461 3480 qua
489 3396 606 3458 Ethica
630 3394 781 3458 inchoato
814 3393 1020 3475 perficiuntur
1055 3413 1121 3456 rem
1156 3396 1373 3458 necessariam

267 3507 426 3582 absolvet,
449 3524 544 3587 quam
560 3503 701 3585 proferat
715 3503 807 3566 aliam
831 3511 863 3563 et
884 3506 988 3564 minus
1009 3507 1225 3566 necessariam
1249 3511 1282 3566 ct
1304 3522 1375 3567 cum

268 3593 391 3682 Etlricis'
413 3637 475 3680 non
497 3615 666 3678 admodum
688 3609 908 3677 coniunctam?
932 3613 983 3672 An
1007 3612 1172 3673 Aristoteli
1193 3611 1257 3674 ulla
1279 3630 1377 3675 causa

270 3727 347 3801 fuit,
374 3743 432 3786 cur
460 3733 679 3804 praeteream
707 3737 801 3801 quam
823 3737 876 3781 res
890 3722 961 3800 ipsa
975 3727 1187 3782 monstrasset
1198 3719 1379 3802 disputandi
1417 3773 1419 3778 .

270 3836 357 3894 viam
381 3833 473 3900 aliam
504 3827 749 3914 ingrederetur?
769 3830 885 3910 Neque
906 3830 1043 3909 scriptor
1059 3831 1143 3909 ipse,
1163 3847 1264 3910 oeqrre
1277 3827 1377 3889 inter·

271 3945 396 4020 protum
419 3938 583 4018 quisquam
607 3938 700 3999 ullam
717 3955 853 4018 unquam
869 3952 997 3998 causam
1019 3935 1199 3997 attuleruut,
1228 3935 1380 3998 Attamen
1445 3975 1448 3980 -

268 4043 443 4107 secundum
478 4045 665 4108 tralaticium
682 4035 838 4107 ¹librorum
867 4043 1008 4106 ordinem
1039 4047 1173 4124 primunr
1205 4041 1316 4106 dicitur
1339 4043 1396 4112 de,

267 4150 416 4216 omnibus
444 4151 626 4215 civitatibus
665 4159 795 4234 praeter
819 4151 982 4232 optimam,
1016 4150 1129 4226 deiude
1151 4154 1190 4212 de
1218 4151 1380 4229 republica
