3124 4918
575 1638 981 1770 onnonnrnor.

743 2084 772 2151 §.
797 2080 823 2139 1.

318 2257 410 2338 Quos
430 2267 506 2322 sunt
526 2257 566 2322 (lo
588 2259 798 2322 Aristotcleis
818 2254 983 2336 politicis,
1012 2255 1053 2318 ds
1081 2255 1275 2337 singulorum
1297 2264 1331 2320 et

235 2367 383 2430 librorum
405 2376 439 2431 et
459 2371 598 2450 capitum
619 2368 816 2450 integritate,
840 2363 949 2428 ordino
970 2372 1003 2426 ot
1022 2363 1229 2446 dispositione
1250 2365 1332 2429 inter

235 2474 381 2537 hominos
403 2474 516 2539 doctos
538 2473 792 2552 controversiae,
815 2473 898 2534 iusto
918 2470 1083 2534 diiudicari
1103 2492 1163 2534 non
1183 2483 1332 2554 possunt,

235 2582 296 2645 nisi
325 2583 454 2665 cognito
483 2581 649 2665 scriptoris
676 2579 818 2644 oonsilio.
867 2577 1014 2657 Quonam
1043 2579 1138 2660 igitur
1164 2581 1330 2661 proposito

235 2688 432 2774 Aristoteles
454 2688 494 2751 sd
515 2689 661 2771 politicos
689 2686 886 2769 disciplinam
913 2685 1110 2748 tractandam
1135 2688 1329 2770 accesserit,

236 2815 332 2879 qrrunr
354 2795 394 2858 sb
417 2798 487 2859 aliis
509 2797 714 2879 scriptoribus
736 2814 798 2858 non
820 2795 862 2857 sit
883 2793 1053 2875 traditum,
1075 2813 1117 2856 ox
1139 2797 1210 2858 oius
1229 2796 1332 2876 ipsius

236 2902 421 2966 discendum
451 2913 501 2966 ost
525 2905 623 2968 libris.
673 2906 878 2967 Politicorum
907 2909 1015 2966 autern
1044 2905 1139 2967 libros
1169 2903 1222 2984 qui
1253 2924 1332 2984 per·

236 3007 346 3088 legero
366 3009 518 3090 volucrit,
540 3009 649 3072 mirum
671 3009 703 3070 id
725 3011 754 3070 oi
774 3009 930 3071 videbitur
951 3019 1048 3089 atquo
1068 3011 1220 3088 insolens
1242 3008 1328 3091 quod

236 3132 346 3176 corum
373 3113 480 3190 initio,
509 3121 543 3176 ot
570 3131 664 3196 quom
694 3135 762 3179 rom
790 3123 984 3179 tractaturus
1014 3117 1056 3178 sit
1077 3116 1274 3179 Aristoteles
1295 3124 1330 3180 ot
1400 3135 1403 3141 ’

236 3237 301 3302 quo
323 3220 468 3300 consilio,
489 3220 615 3302 aporire
637 3240 772 3301 prorsus
793 3221 906 3285 omisit.
949 3224 994 3284 At
1015 3241 1093 3285 voro
1115 3223 1238 3304 reliquo
1260 3223 1329 3286 sins

236 3328 398 3391 volumina
419 3328 447 3390 si
468 3327 682 3411 pervolverit,
705 3347 777 3392 cum
804 3329 1010 3392 Politicorum
1041 3331 1130 3393 libris
1159 3331 1255 3394 ltcilo
1279 3331 1332 3393 in-

237 3436 362 3518 telliget
388 3435 536 3517 copulato
566 3454 643 3500 osso
673 3437 714 3500 sb
743 3445 874 3500 auctore
903 3438 1020 3499 Ethioo
1042 3437 1278 3520 Nicomochoo,
1300 3446 1334 3502 ot

238 3543 284 3606 ito
306 3542 447 3626 quidem,
468 3550 508 3604 ut
526 3545 648 3606 Ethico
668 3552 702 3606 ct
720 3545 859 3606 Politico
888 3562 982 3606 cerac
1002 3552 1112 3606 essent
1130 3549 1213 3608 doce
1232 3551 1331 3609 unius

236 3654 441 3733 eiusdemque
468 3653 573 3729 operis
598 3654 751 3730 porteo¹).
802 3647 955 3729 Quodsi
983 3669 1096 3714 vorum
1124 3661 1192 3735 cst,
1226 3666 1261 3716 ut
1283 3662 1335 3718 est

256 3914 286 3980 t)
304 3915 463 3980 spongettns
481 3913 561 3980 (ibor
578 3912 621 3964 dio
639 3917 719 3964 unter
735 3915 793 3964 den
811 3915 914 3964 Nomen
932 3916 979 3965 dos
992 3913 1159 3968 Aristoteles
1176 3917 1334 3969 erioltenon

304 4007 441 4057 etiischen
459 4006 604 4058 Schriften.
622 4004 705 4056 1841.
723 4021 748 4068 p.
766 4004 827 4070 2⁶.)
844 4009 916 4057 recto
934 4006 1055 4073 quinon,
1078 4011 1126 4059 ssd
1144 4021 1198 4059 non
1215 4011 1334 4072 porrecto

304 4099 333 4146 ot
354 4095 494 4147 absoluto:
518 4095 621 4161 „Ethik
645 4097 698 4146 und
715 4095 815 4148 Politik
832 4095 875 4147 oin
890 4097 1051 4162 platomam
1068 4109 1118 4149 sus
1134 4097 1206 4150 zwol
1222 4100 1333 4151 'l'hetlon

304 4186 480 4238 materenses
497 4185 619 4240 Wcrk.“

1106 4282 1122 4344 l
