3124 4918
198 504 269 568 looo
292 521 366 567 esse
387 506 582 586 praestitum.
605 502 779 566 lolltlriois
801 503 948 584 leguntur
971 497 1070 562 verlea
1090 495 1144 558 illo
1165 491 1293 576 quidem

196 616 379 681 notissima:
410 601 493 678 Εἶτα
524 609 561 677 ἐκ
591 610 656 676 τῶν
686 607 888 698 συνηγμένων
917 602 1093 672 πολιτειῶν
1121 601 1297 690 θεωρῆσαι

196 709 244 786 τοί
270 722 374 786 ποῖα
400 709 530 800 σώζει
548 717 619 784 καί
640 716 812 806 φθείρει
831 708 904 794 τοὶς
924 706 1094 795 rodim,-
1118 717 1149 778 iu
1172 717 1241 778 Pol.
1254 716 1295 777 ll.

195 829 226 891 9.
250 831 348 892 hoco:
388 826 475 916 Περὶ
504 826 542 892 δὲ
572 825 632 914 τῆς
658 819 929 906 Λακεδαιμονίων
955 815 1127 895 πολιτείας
1155 815 1211 882 καί
1238 814 1298 904 τῆς

196 933 379 1022 Κρητικῆς,
408 926 525 1016 σχεδον
551 932 589 1000 ὀί
616 933 671 1002 καί
703 931 875 1022 περὶτῶν
906 922 1013 996 ἄλλων
1042 926 1217 994 πολιτειῶν
1238 917 1315 992 ddo'

200 1033 330 1104 είσίναί
343 1035 490 1128 σκέψεις,
507 1036 568 1122 μία
582 1037 643 1122 μίν
662 1039 702 1104 τί
718 1062 758 1104 τι
777 1037 909 1114 καλῶς
925 1030 947 1123 ἢ
965 1028 1019 1124 μή
1041 1033 1175 1110 καλῶς
1194 1023 1301 1119 πρός

196 1137 266 1231 τήν
285 1136 462 1232 οίρίοτην
481 1143 815 1234 νενομοθέτηται
831 1136 934 1226 τοίξιν.
958 1151 1049 1227 Quae
1064 1147 1189 1229 quidem
1201 1145 1298 1207 llltlri-

197 1274 305 1322 corum
322 1273 394 1320 curu
415 1259 523 1320 verbis
541 1277 719 1342 congruere
735 1277 797 1322 nou
813 1259 969 1320 videnlur.
990 1257 1057 1320 Sed
1070 1253 1216 1318 videnlur
1227 1263 1303 1316 tan-

199 1373 275 1428 lum.
298 1365 387 1427 Vere
407 1366 488 1442 enim
508 1365 621 1430 endem
641 1364 780 1428 diversis
798 1365 906 1426 verbis
924 1365 1038 1428 subest
1056 1367 1224 1426 sententia.
1247 1361 1302 1424 Ad

198 1472 349 1554 optimam
373 1475 455 1543 euim
479 1472 638 1536 civilatem
661 1471 812 1555 quidquid
832 1482 884 1534 cst
899 1473 1059 1550 idoneum,
1083 1471 1302 1536 id'conservat
1415 1553 1422 1566 ,

200 1581 351 1643 civitates
380 1580 583 1662 simpliciter5
615 1590 647 1642 et
677 1590 788 1644 coulra
815 1579 965 1663 quidquid
994 1583 1145 1644 civitates
1175 1583 1303 1644 omuino

200 1689 384 1770 corrumpit,
406 1687 448 1750 ad
471 1689 620 1771 optimam
643 1697 730 1751 certo
751 1708 813 1750 noo
837 1697 888 1750 esl
910 1697 1028 1770 aptum.
1064 1689 1248 1772 Sequuntur
1269 1690 1299 1750 iu

200 1795 339 1859 llilhicis:
371 1791 426 1858 καί
455 1786 498 1860 τὰ
526 1797 608 1862 ποία
633 1784 735 1873 σοι’ζει
759 1792 815 1860 καί
843 1794 983 1884 φθείρει
1010 1788 1200 1872 ἕκαστος
1230 1791 1307 1858 τῶν

200 1900 429 1966 πολιτειῶν
448 1899 503 1967 καί
516 1895 573 1968 διαί
588 1900 678 1980 τίνας
694 1899 806 1980 αἰτίας
825 1901 867 1970 αί
885 1903 961 1987 μὲν
979 1902 1087 1980 καλῶς
1104 1900 1148 1968 αἱ
1166 1900 1212 1968 δὲ
1230 1893 1305 1967 τοῦ-

199 2008 324 2094 ναντίον
335 2000 581 2093 πολιτείονταις
598 2016 629 2076 iu
641 2014 783 2078 Politicls
794 2016 889 2078 haec:
906 2009 1004 2101 ἑτέρα
1018 2009 1215 2101 δὲίσκίψις)
1229 2012 1263 2076 εί
1273 2031 1307 2075 τι

201 2106 1308 2207 πρόςτήνὺπόθεσινκαίτόντρίπονῦπεναντίως

202 2223 276 2310 τῆς
296 2222 568 2314 προκειμένης
586 2216 729 2303 αὐτοῖς
748 2223 975 2304 πολιτείας.
997 2230 1122 2294 Etenim
1137 2247 1308 2310 rerumpu-

209 2337 360 2400 blicarum
383 2355 489 2420 genus
513 2351 607 2402 omne
628 2340 658 2404 si
680 2339 709 2402 ei
731 2343 924 2404 conlrarium
946 2349 980 2404 el
1000 2344 1142 2422 ineptum
1157 2338 1231 2421 qnid
1257 2339 1310 2402 iu·

207 2453 258 2508 est
278 2445 472 2526 pervertitur
493 2465 657 2529 praveque
679 2447 914 2528 administretur
935 2455 968 2514 el
978 2448 1112 2532 regitur.
1134 2447 1311 2511 Praetereo

207 2552 283 2636 quid
318 2554 470 2617 civitates
503 2554 687 2635 simpliciter
721 2553 876 2634 depravet
904 2562 947 2626 (s.
982 2555 1055 2636 quid
1088 2553 1128 2617 od
1160 2553 1308 2634 optimam

205 2661 369 2724 civitatem
403 2660 507 2720 minus
544 2661 587 2720 sit
622 2658 913 2732 accommodatum)
949 2669 981 2721 ct
1018 2659 1093 2741 quid
1137 2658 1308 2722 Lacedae-

206 2767 394 2848 moniorum,
418 2765 564 2848 Oretum,
587 2765 899 2848 carthaginiensium
922 2767 1116 2848 respublicas
1138 2765 1311 2848 perdiderit

210 2879 252 2952 (s.
282 2875 328 2938 eis
358 2873 432 2958 qnid
460 2873 586 2938 infuerit
622 2875 848 2958 contrarium),
888 2875 956 2939 Pol.
983 2877 1021 2938 ΙΙ.
1044 2877 1075 2940 9.
1100 2878 1150 2940 10.
1175 2878 1220 2940 ll.
1249 2896 1313 2940 cx·

209 2981 348 3065 positum
371 3001 445 3046 esse
469 2981 570 3060 dicet,
601 2984 653 3066 qui
682 3003 721 3048 ca
751 2984 859 3065 capite
881 2981 952 3066 ipsa
981 2986 1149 3069 perlegere
1176 2987 1315 3051 voluerit

211 3091 264 3154 vcl
287 3110 357 3156 eam
379 3110 462 3176 quoe
482 3093 626 3174 sequitur
649 3093 821 3173 epitomen.

754 3321 784 3378 1.

395 3447 464 3496 ⁴lle
483 3446 875 3500 haeadaenorrlorurn
898 3445 1116 3510 republloo.

720 3605 749 3674 §.
772 3601 821 3664 32.

307 3739 342 3800 lo
367 3739 626 3806 Lacedaemonia
654 3741 816 3824 republioo
846 3730 979 3824 primunr
1010 3742 1103 3822 leges
1134 3736 1176 3800 de
1204 3733 1321 3800 hololis
1454 3797 1458 3808 ,

224 3863 287 3912 uon
308 3845 414 3912 luisse
435 3849 628 3930 probabiles,
651 3850 844 3912 Aristoteles
867 3869 908 3912 ex
930 3869 970 3914 co
989 3849 1111 3934 colligit
1131 3845 1216 3932 quod
1236 3865 1320 3928 que·

227 3970 353 4036 cunque
375 3957 549 4020 occasione
577 3957 653 4036 dala
679 3959 912 4022 rebellaverint.
956 3958 1079 4022 Deinde
1100 3958 1320 4022 Lacaenarum

202 4075 204 4079 ·
226 4061 482 4128 incontinentiam
497 4065 745 4150 effrenatamque
761 4068 919 4132 licentiam
935 4067 1105 4151 vituperet.
1126 4069 1212 4130 Nam
1226 4083 1323 4146 ¹quoru

230 4170 451 4254 voluptatibus
473 4173 535 4237 lrni
556 4191 649 4238 neruo
665 4175 774 4257 possit
794 4175 857 4240 uisi
884 4173 994 4258 dives,
1022 4176 1188 4260 pecuniam
1216 4175 1327 4238 hace-
