3124 4918
675 319 862 383 ..s-

225 505 300 560 neat
312 501 348 572 ¹).
389 499 507 582 Neque
528 498 665 562 hominis
687 499 803 564 bonnm
826 499 872 576 (id
902 501 988 584 quod
1016 503 1156 568 nonnulli
1185 513 1323 570 conten·

221 607 349 681 derunt)
371 608 508 688 positum
532 627 607 670 esse
628 617 735 692 potest
759 611 789 672 in
808 611 920 692 specie
936 616 986 686 (nt
1004 610 1215 677 Ciceroniana
1230 606 1324 688 ἰδέας

220 713 478 795 interpretatione
500 719 604 797 utar),
635 717 752 798 quiippe
774 735 857 798 qnae
879 717 1119 781 abdominibus
1142 727 1321 804 comparari

220 840 283 884 non
305 822 406 900 possit
416 825 458 893 ⁹).
501 822 642 886 Fuerunt
665 842 803 906 quoque,
826 825 929 907 quiin
949 827 1069 890 virtuto
1091 827 1316 892 beatitudinem

221 928 359 1010 positam
383 946 459 992 esse
485 932 701 1000 existimarent
722 940 778 996 aut
799 937 833 996 in
852 935 1168 1016 contomplationelli.
1193 935 1318 1014 Quibus

219 1036 389 1098 sententiis
406 1035 625 1118 dinumeratis,
643 1037 794 1102 admonet
815 1057 971 1104 summum
991 1043 1210 1126 essebonum,
1232 1043 1317 1124 quod

219 1148 325 1228 ipsum
349 1144 389 1207 ad
410 1147 526 1210 nnllam
555 1147 647 1210 aliam
676 1168 763 1230 rem,
795 1149 838 1212 ad
866 1150 898 1213 id
929 1161 1035 1214 autem
1063 1171 1115 1214 res
1145 1153 1322 1216 referantur

221 1270 344 1333 omnes,
366 1253 410 1317 ita
424 1272 503 1316 vero
521 1254 743 1317 beatitudinem
760 1257 869 1338 potius
884 1267 1100 1340 comparatam
1118 1278 1204 1342 asse,
1226 1280 1320 1344 qnam

221 1361 386 1442 uirtutem,
418 1379 499 1444 quoe
527 1381 589 1422 non
618 1361 651 1422 vi
681 1380 742 1424 sna
770 1363 872 1426 solum
904 1372 937 1426 et
960 1373 1091 1446 propter
1121 1383 1160 1428 se
1181 1375 1320 1448 optetur,

220 1468 281 1532 sed
294 1469 387 1530 etiam
399 1469 603 1532 beatitudinis
620 1488 737 1550 cansa3
754 1480 851 1554 atque
866 1489 1022 1534 summum
1040 1474 1169 1555 bonum,
1192 1482 1321 1554 praeter

220 1584 253 1638 et
275 1577 354 1638 ultra
377 1575 458 1656 quod
480 1575 676 1640 desideretur
704 1578 798 1660 nihil,
830 1577 994 1642 sufficiens
1015 1567 1207 1666 (αὔταρκες)
1228 1598 1317 1662 esse,

220 1701 325 1765 neque
346 1685 437 1746 nobis
458 1684 585 1766 quidem
614 1685 693 1746 solis
719 1683 778 1748 sed
809 1687 1008 1768 parentibus,
1039 1687 1163 1768 liberis,
1193 1688 1319 1770 amicis,

221 1789 355 1856 civibus.
406 1789 530 1852 Deinde
551 1791 652 1872 porgit
674 1789 714 1854 ad
736 1801 913 1857 extromum
935 1794 1142 1859 humanorum
1165 1795 1318 1858 bonorum

222 1895 437 1978 quaerendum
459 1915 498 1961 ao
519 1895 739 1961 deliniendum.
1056 1895 1070 1914 ““

306 2003 412 2082 Quum
436 2004 551 2084 ubique
579 2003 610 2065 in
638 2021 734 2084 opere
761 1991 801 2064 ud
822 1988 859 2063 εὖ
888 2013 920 2066 ot
948 2004 1065 2066 bonurn
1094 2013 1258 2082 cernatur,
1287 2006 1318 2068 in

159 2191 160 2198 ἵ
222 2129 320 2192 opere
341 2111 475 2173 humano
498 2111 632 2173 hominis
661 2111 776 2172 bonum
800 2127 935 2172 necesse
957 2119 1009 2172 est
1037 2111 1199 2174 contineri.
1243 2113 1318 2175 Ho-

222 2221 315 2283 minis
336 2229 441 2282 autem
463 2237 545 2301 opus
567 2239 606 2282 ao
627 2235 742 2280 munus
764 2218 832 2280 vita
853 2218 992 2298 practica
1014 2227 1065 2280 est
1083 2220 1235 2284 rationem
1254 2221 1319 2284 ha·

221 2327 326 2392 nentis
347 2315 531 2411 (πρακτική,
546 2321 606 2388 τοῦ
625 2312 721 2408 λόγον
741 2314 894 2402 ἔχοντος).
948 2325 1096 2388 Rationis
1118 2348 1195 2390 voro
1217 2328 1319 2394 altera
1390 2325 1393 2330 ’

210 2434 318 2498 'animi
337 2455 412 2520 pars
435 2436 478 2497 ite
500 2437 662 2516 particeps
681 2445 749 2516 est,
782 2443 816 2498 ut
843 2455 914 2498 eam
941 2437 1043 2519 ipsam
1072 2437 1187 2500 habeat
1214 2439 1318 2521 cisque

220 2543 376 2626 intelligat
398 2531 452 2619 (τὸ
472 2537 531 2622 μὲν
552 2531 597 2616 ὥς
617 2533 690 2621 ἔχον
711 2539 765 2604 καὶ
786 2531 1038 2624 διανοούμενον),
1061 2546 1173 2625 altera,
1194 2554 1231 2607 ut
1246 2565 1317 2610 eam

221 2660 341 2716 tantum
364 2651 518 2732 percipiat
546 2652 638 2732 eique
665 2652 793 2714 obediat
818 2639 872 2727 (τὸ
893 2647 924 2712 d’
945 2640 990 2726 rig
1010 2643 1188 2724 daemoniis
1208 2640 1319 2734 λόγῳ).

221 2761 273 2824 Ea
292 2780 387 2841 vero,
419 2778 502 2841 quae
535 2758 653 2822 habent
684 2759 846 2837 homines,
882 2770 937 2822 aut
969 2759 1088 2822 hubent
1119 2759 1318 2841 (possident)

219 2869 322 2931 solum
332 2868 363 2938 ⁴)
391 2875 448 2930 aut
477 2870 526 2928 eis
553 2875 681 2930 utuntur
707 2869 740 2928 in
768 2865 906 2948 agendo.
951 2865 1106 2946 Quoniam
1130 2876 1235 2930 eutem
1257 2867 1319 2936 soli

222 2975 344 3040 habitui
376 2993 457 3038 usus
490 2974 735 3057 anteponendus
766 2981 817 3036 est
846 2982 944 3054 atquo
975 2966 1137 3058 ἐνέργεια,
1170 2993 1251 3057 opus
1278 2991 1318 3038 ac

219 3103 338 3147 munus
360 3083 519 3147 hominurn
541 3083 634 3146 animi
651 3075 796 3166 ἐνέργεια
817 3092 869 3144 est
889 3082 1064 3147 secundum
1087 3085 1239 3148 rationem
1260 3093 1317 3148 aut

219 3195 373 3254 consino
394 3193 515 3254 ratione
537 3177 636 3262 (nard
656 3176 750 3271 λόγον
770 3179 792 3273 ἢ
814 3177 859 3273 μή
880 3179 957 3252 ἄνευ
976 3177 1139 3274 idylion).
1174 3193 1241 3254 Sed
1255 3208 1319 3272 ge-

221 3306 305 3366 neris
328 3303 454 3366 humani
475 3303 502 3366 si
525 3301 691 3366 definimus
713 3321 808 3385 opus,
832 3302 871 3366 de
895 3303 1020 3368 lrcmine
1043 3306 1126 3368 malo
1147 3314 1234 3369 certo
1256 3324 1318 3368 non

221 3410 424 3494 cogitandum
448 3421 510 3492 est,
531 3411 591 3473 sed
610 3406 652 3474 'de
669 3413 842 3494 praestanti
859 3422 891 3477 et
908 3413 1025 3474 virtute
1042 3412 1184 3494 praedito
1197 3419 1321 3484 (σπου-

221 3512 341 3600 doirp),
372 3520 426 3599 qui
449 3537 529 3602 opus
551 3521 632 3584 bene
651 3519 778 3587 efficiat.
829 3523 926 3584 Bene.
940 3528 1047 3586 cutem
1070 3519 1217 3602 quodque
1238 3537 1320 3602 opus

237 3729 269 3797 1)
287 3731 348 3782 litii.
366 3729 426 3780 Nic.
444 3732 465 3781 1.
483 3732 511 3783 2.
530 3732 558 3781 a.
716 3729 872 3798 a)1.o.4.
1030 3724 1062 3790 ³)
1079 3727 1100 3776 l.
1119 3738 1142 3776 c.
1161 3728 1188 3776 a.

236 3816 345 3888 4)Ἓξις
362 3821 495 3874 interdum
514 3823 581 3875 idem
599 3825 729 3888 declarat,
747 3825 819 3888 qued
830 3823 954 3874 Latinum
973 3815 1164 3886 ,‚pcsscssio“.
1181 3817 1316 3870 Etniiic.

292 3917 316 3966 i.
333 3919 358 3966 ἃ
377 3917 480 3980 Magna
498 3916 519 3966 l.
538 3919 566 3967 u.

236 4006 268 4073 ὅ)
287 4009 360 4059 liaeo
379 4007 470 4070 operis
484 4007 591 4058 hirmani
608 4005 730 4057 delinitio
747 4007 781 4056 ad
800 4018 891 4056 omnes
906 4003 1028 4056 iromlnes
1045 4007 1250 4057 accommodata
1267 4005 1318 4068 est,

286 4101 321 4150 ad
339 4111 434 4150 servos
452 4102 480 4149 et
497 4099 605 4150 llberos.
641 4099 707 4148 Nam
726 4097 798 4148 servi
816 4097 854 4148 ita
877 4096 992 4147 rationis
1018 4097 1162 4162 participes
1188 4099 1266 4160 sunt,
1289 4097 1318 4144 nt

286 4190 344 4243 olus
365 4203 461 4244 vocem
485 4191 624 4256 percipere
648 4204 681 4242 ox
701 4189 761 4241 aitis
784 4187 862 4253 elque
880 4187 986 4253 possint
1003 4191 1189 4254 obtemperare
1207 4186 1280 4253 (Pol.
1299 4186 1321 4234 i.
