3124 4918
685 305 894 368 „10-

241 513 304 577 qne
325 495 519 557 Aristoteles
542 494 674 574 primurn
686 535 696 572 ,
730 510 792 574 qua
814 492 888 572 loge
909 496 1047 556 virtutes
1068 490 1249 555 dividantur
1273 513 1336 556 ex-

202 634 213 642 =
235 603 335 682 ponit,
358 601 472 662 deinde
494 598 653 681 quomodo
669 608 841 660 nascantur
861 607 958 678 atque
976 597 1165 676 efficientur,
1189 610 1254 662 tum
1273 601 1334 664 de-

236 709 317 788 finit,
342 708 416 790 qnid
438 711 479 770 sit
502 711 605 769 virtus
618 693 731 792 ἠθική,
753 715 827 787 post
843 725 926 787 quae
946 714 978 767 et
997 706 1109 786 quales
1125 715 1158 768 et
1178 718 1253 790 quot
1270 709 1334 770 siut

234 821 371 882 virtuter
400 820 556 897 morales,
591 817 726 899 denique
756 819 895 899 disputat
923 818 963 881 do
994 821 1112 882 virtute
1139 817 1332 906 διανοητικῇ.

235 933 373 993 Primum
396 931 491 1012 igitur
513 948 610 1010 quum
631 927 814 1010 partiendae
836 929 900 990 siut
920 929 1073 1006 virtutes,
1096 930 1250 991 rationem
1273 930 1333 993 ba·

236 1039 368 1098 beamus
390 1055 527 1098 necesse
550 1046 600 1098 est
623 1037 716 1098 animi
740 1035 893 1116 partium,
917 1055 1048 1116 qnarnm
1071 1054 1161 1098 suam
1183 1057 1331 1119 quaeque

235 1145 333 1206 habet
354 1145 514 1206 virtutem.
567 1145 671 1206 Animi
700 1153 806 1206 autem
829 1161 904 1225 pars
926 1146 1010 1224 prior
1031 1146 1161 1207 rationis
1183 1156 1234 1206 est
1256 1165 1332 1227 pur-

233 1253 348 1332 ticeps,
372 1251 530 1332 posterior
551 1270 681 1332 expers
706 1253 799 1314 Haeo
815 1254 888 1315 itern
909 1253 1058 1316 dividitur
1078 1257 1106 1316 iu
1120 1263 1228 1336 partes
1243 1256 1332 1318 duas.

235 1359 378 1436 Quarum
401 1361 504 1439 *attera
533 1367 584 1420 est
611 1347 653 1420 ad
681 1349 864 1444 θρεπτικόν
885 1379 917 1422 v.
940 1348 1093 1446 φυτικόν,
1122 1363 1206 1444 quod
1237 1383 1331 1445 quum

234 1466 325 1528 nobis
348 1484 516 1527 commune
537 1468 579 1528 ait
597 1483 670 1530 oum
693 1469 808 1548 plantis
828 1476 860 1530 st
876 1468 1064 1549 pecudibus,
1088 1469 1236 1532 virtutem
1258 1471 1331 1550 qni·

234 1574 305 1634 dem
333 1575 428 1636 babet
457 1575 631 1654 quandam,
660 1575 719 1638 sed
751 1593 812 1636 non
842 1595 911 1638 eam
940 1595 1034 1658 quarn
1062 1563 1244 1658 quaerimus
1269 1579 1332 1639 irn-

233 1700 377 1761 manarn3
399 1683 500 1744 altera
520 1669 558 1742 τό
581 1668 747 1765 ὀρεκτικόν
760 1687 799 1764 ¹),
812 1683 902 1746 cuius
917 1683 1073 1766 quaedam
1091 1705 1178 1766 pam,
1200 1677 1239 1746 uo
1253 1676 1329 1746 ἐπι-

231 1778 431 1874 θυμητικόν,
473 1795 622 1872 quumvis
657 1793 771 1854 rationi
804 1813 863 1854 non
898 1813 1066 1874 utrumquem
1101 1794 1264 1854 adversari
1299 1801 1331 1856 ct

230 1919 414 1981 repugnare
437 1901 564 1980 audeat,
588 1911 696 1980 potest
718 1911 824 1962 tamen
854 1910 885 1962 et
914 1903 1044 1961 rationis
1074 1920 1187 1962 vocem
1219 1901 1331 1962 audire

233 2011 325 2088 eique
348 2008 577 2084 obtemperare.
622 2007 672 2067 Ad
695 2006 779 2067 burto
801 2007 894 2066 animi
917 2015 1038 2084 partem
1061 2007 1236 2067 referuntur
1258 2009 1327 2066 vir-

232 2123 316 2176 tutes
348 2115 501 2189 moraleS,
533 2130 611 2192 quas
641 2100 763 2196 ἡθικοὶς
786 2111 904 2175 Graeci
934 2121 1069 2192 vocant3
1100 2133 1142 2174 ex
1169 2114 1222 2176 illa
1252 2133 1330 2176 veru

232 2241 314 2302 quae
346 2225 500 2283 rationem
536 2221 631 2282 habet
662 2229 751 2302 parte
785 2221 925 2282 existunt
956 2222 1090 2282 virtutes
1116 2215 1328 2304 διανοητικαί.

233 2329 306 2390 Hae
340 2333 516 2410 gignuntur
546 2337 766 2409 augenturque
789 2329 953 2408 doctrina,
986 2329 1057 2390 illac
1078 2329 1323 2392 consuetudine.

233 2437 375 2498 litorales
399 2438 480 2500 enirn
515 2439 651 2498 virtutes
683 2434 807 2517 agendo
839 2435 1043 2515 adipiscimur
1074 2446 1107 2498 et
1138 2438 1327 2500 exercendo.

232 2545 265 2606 N
269 2564 319 2606 am
341 2547 493 2606 similibus
508 2545 651 2625 repetitis
666 2544 856 2622 actionibus,
874 2553 1045 2607 nascuntur
1057 2545 1193 2606 habitus.
1217 2548 1329 2627 ltaque

234 2673 333 2734 opera
355 2652 458 2714 danda
478 2654 547 2732 erit,
571 2662 604 2712 nt
628 2653 773 2732 singulae
794 2653 938 2713 actiones
960 2661 1068 2716 rectae
1090 2655 1152 2713 sint
1173 2651 1203 2715 h.
1221 2671 1249 2712 e.
1271 2670 1329 2712 se-

233 2760 370 2822 cundnm
393 2767 513 2820 rectam
535 2760 697 2821 rationem.
744 2760 836 2837 Quae
858 2768 926 2820 tota
948 2778 1000 2820 ras
1022 2758 1102 2820 redit
1124 2760 1165 2820 ad
1188 2777 1330 2822 consue·

232 2868 371 2930 tudinem
393 2868 485 2947 (luth.
509 2867 583 2928 Nic.
606 2870 629 2928 1.
652 2866 699 2930 ts
722 2876 755 2933 et
777 2870 817 2928 il.
845 2867 901 2946 l.).
958 2868 1132 2946 Postquam
1155 2887 1234 2930 vero
1266 2889 1330 2931 ex-

233 2979 340 3058 posuit
362 2979 510 3038 virtntem
533 2974 780 3050 mediocritatem
798 2988 920 3052 tenere,
942 2992 1026 3053 qnae
1043 2983 1092 3035 est
1106 2974 1187 3037 inter
1202 2977 1328 3038 nimium

233 3096 265 3146 et
287 3105 395 3166 parum
419 3086 605 3166 pracsertim
628 3087 658 3146 in
683 3083 843 3168 fugiendis
861 3083 1079 3163 voluptatibus
1095 3085 1328 3165 suscipiendis-

232 3212 296 3273 que
323 3193 543 3272 doloribusit),
577 3194 707 3254 allicere
737 3193 862 3272 pergit,
890 3191 964 3271 quid
998 3191 1040 3251 sit
1070 3193 1171 3252 virtus
1201 3193 1329 3255 moralis

232 3291 375 3388 (ἠθική).
399 3304 469 3380 Qua
491 3303 616 3383 quidem
638 3305 683 3364 ita
707 3301 892 3379 constituta,
914 3309 949 3361 ut
970 3301 1011 3361 sit
1033 3301 1158 3362 babitus
1181 3303 1330 3361 volunta·

232 3416 320 3493 rius,
345 3411 481 3474 medium
511 3421 624 3472 tenens
651 3429 712 3470 non
741 3409 969 3491 quodcunque,
997 3409 1055 3471 sed
1082 3408 1112 3469 id
1132 3409 1218 3488 quod
1241 3408 1331 3496 nobis

233 3523 313 3583 ratic
336 3522 531 3582 couveniens
554 3518 931 3605 assekmonstrnveritss,
961 3537 1054 3580 unam
1079 3535 1239 3598 quamquo
1259 3518 1329 3577 vir··

234 3637 345 3708 tutem,
367 3627 489 3688 ratione
512 3627 648 3687 omnium
673 3625 781 3686 habita
800 3625 893 3686 animi
916 3625 1180 3705 perturbationem
1189 3623 1237 3702 4),
1260 3643 1330 3684 me-

252 3813 282 3876 1)
302 3815 363 3863 Nou
388 3808 582 3877 inadnpq'mdr,
607 3813 676 3874 qnod
700 3812 806 3872 putavit
825 3811 986 3872 scengelius
1004 3811 1022 3858 i.
1041 3821 1066 3859 o.
1085 3822 1110 3870 p.
1128 3808 1173 3858 26.
1192 3810 1226 3860 ul.
1244 3810 1329 3861 Etbic.

300 3897 359 3946 Nic.
375 3898 396 3951 1.
418 3897 460 3949 1³⁴
479 3894 510 3946 ro*
527 3893 708 3962 ἔπιθυμητικόν
725 3899 765 3945 καὶ
780 3891 841 3953 ὅλως
860 3893 994 3961 ὀρεκτικόν.

250 3981 281 4045 2)
301 3981 360 4034 Ettr.
380 3980 439 4030 Nlo.
459 3981 491 4028 ll.
509 3980 536 4027 2.
702 3978 737 4042 u)
756 3979 816 4030 ibid.
835 3981 867 4030 tl.
885 3981 912 4030 4.
929 3983 956 4032 o.
976 3983 1002 4030 6.

251 4068 282 4130 4)
301 4065 403 4132 „animi
421 4063 668 4129 perturbationem,
686 4065 725 4115 ita
742 4065 828 4114 latiae
844 4065 947 4114 reddidi
955 4063 1028 4130 πάθη
1034 4080 1043 4129 3
1060 4065 1101 4115 bia
1111 4065 1200 4117 verbis
1209 4067 1247 4117 uti
1257 4069 1328 4118 malo

302 4161 380 4214 quam
399 4149 481 4204 ,verbo
501 4147 709 4214 ‚,atfectiones“,
727 4151 839 4200 secutus
858 4147 914 4200 cio.
932 4150 964 4198 de
980 4149 1041 4201 utu.
1059 4149 1103 4206 lll.
1123 4148 1168 4202 to.
1185 4151 1231 4200 35.
1243 4151 1278 4202 al.
