3124 4918
666 337 873 400 ..48-

223 525 333 603 menti,
358 519 541 603 perpendat.
584 517 743 581 Bonorum
766 519 861 596 enirn,
888 518 939 580 vel
960 535 1110 600 agrorum
1132 515 1237 598 potins
1259 537 1319 580 ae·

223 634 366 715 quationi
393 630 533 691 Pholeos
561 625 602 689 ad
632 625 780 689 vitandas
807 625 982 688 seditiones
1011 626 1182 688 maximam
1215 625 1320 689 tribuit

220 743 285 803 vim
309 746 342 799 et
364 737 552 800 efficaciam.
596 735 662 798 Sed
695 751 792 816 quum
818 751 916 814 agros
944 733 1151 814 aequabiliter
1173 733 1319 796 distribui

222 849 344 910 luberet
356 890 367 926 ,
400 847 429 907 ei
449 845 543 906 etiam
567 844 684 905 civium
709 858 860 905 numerus
882 839 1081 902 deliniendos
1102 848 1181 918 erat,
1206 843 1319 924 loges&

221 975 283 1037 que
310 953 433 1016 dandae
456 950 496 1012 de
523 951 640 1017 liberis.
691 952 808 1032 Neque
837 968 917 1012 vero
947 947 1139 1011 Aristoteles
1165 948 1318 1012 bonorum

220 1061 377 1146 quandam
407 1061 681 1142 aequabilitatem
714 1057 755 1120 ad
789 1074 901 1138 paoem
931 1056 1089 1138 pertinere
1117 1062 1225 1137 negat.
1275 1055 1321 1116 At

219 1190 281 1232 non
306 1167 410 1229 solum
434 1168 516 1229 bone
537 1164 704 1246 aequanda
726 1174 819 1239 sunt,
846 1161 904 1224 sed
930 1163 1025 1224 etiam
1045 1160 1255 1244 cupiditatem
1286 1160 1317 1224 itl

220 1275 305 1359 quod
335 1276 403 1338 lieri
434 1279 542 1358 nequit
563 1276 623 1336 nisi
652 1282 740 1335 rocta
770 1269 969 1332 educatione.
1013 1269 1084 1348 Qua
1105 1270 1197 1332 cives
1221 1269 1318 1332 etiam

219 1406 238 1448 a
261 1387 356 1447 nimia
381 1383 511 1446 honoris
533 1379 704 1462 cupiditate
726 1377 908 1458 liberantur,
931 1375 1015 1438 unde
1039 1379 1156 1440 multae
1178 1380 1319 1438 oriuntur

220 1491 408 1557 discordiae.
453 1490 604 1552 Ceterum
628 1487 789 1548 Phaleana
810 1485 863 1546 illa
879 1485 1006 1566 quidem
1023 1486 1098 1567 lege
1118 1503 1176 1548 eas
1198 1494 1316 1550 tantum

220 1600 376 1683 prohiberi
400 1597 537 1674 iniurias,
566 1611 650 1676 quae
673 1591 846 1654 inferantur
867 1590 908 1652 ad
937 1592 1140 1654 necessarias
1161 1611 1216 1654 res
1237 1610 1319 1656 con-

220 1703 421 1788 sequendas..
465 1701 657 1779 Plerumque
683 1707 790 1759 autem
817 1695 962 1756 homines
990 1695 1104 1758 iniuste
1131 1704 1246 1777 agunt,
1284 1705 1319 1759 ut

220 1812 412 1895 cupiditates
428 1808 579 1888 expleant
603 1806 738 1866 omnium
761 1822 864 1864 rorum
879 1802 1080 1866 abundantia.
1124 1803 1248 1882 Quibus
1273 1804 1318 1868 ita

219 1923 389 2003 explicatis
397 1965 407 2001 ‚
439 1918 612 2002 legislatori
633 1933 695 1978 non
717 1913 821 1973 solum
844 1909 1014 1973 videndum
1036 1929 1112 1974 esse
1133 1911 1217 1996 dicit,
1244 1930 1318 1974 res-2

217 2031 342 2114 publica
364 2037 397 2090 ut
418 2028 502 2088 intus
526 2026 607 2086 bene
627 2021 885 2102 administretur,
919 2020 977 2083 sed
1000 2023 1107 2102 etiam,
1129 2031 1164 2084 ut
1187 2023 1316 2084 sortitu·

219 2139 302 2218 dine,
326 2135 487 2216 potentia,
517 2133 620 2212 copiis
643 2149 700 2212 par
722 2133 764 2193 sit
785 2131 898 2193 vicinia
930 2129 1124 2194 civitatibus.
1166 2129 1317 2213 Sequitur

218 2244 364 2329 quaestio
386 2241 428 2305 de
447 2239 580 2304 aerario.

732 2389 793 2446 Π.

379 2515 429 2566 lle
446 2515 657 2581 Hippodami
677 2519 809 2569 Milesii
826 2519 980 2572 civitate
998 2519 1145 2582 optima.

715 2641 745 2708 S·
767 2638 817 2701 30.

302 2792 352 2854 lle
372 2789 564 2873 Hippodami
583 2791 715 2855 civitate
735 2790 779 2853 ite
806 2787 948 2853 instituta
979 2787 1148 2870 disputatio
1168 2795 1246 2868 est,
1278 2795 1314 2850 ιιι

217 2908 368 2982 quattuor
388 2900 588 2980 potissimum
611 2898 652 2962 de
673 2899 770 2962 rebus
790 2896 922 2960 dicatur.
974 2883 1117 2976 Quarum
1142 2897 1242 2978 prima
1262 2903 1315 2958 est

217 3005 337 3070 civium
362 3005 489 3072 diuisio.¹
537 3005 640 3070 Cives
663 3006 746 3068 enim
774 3021 885 3067 omnes
905 3003 1128 3085 Hippodamus
1155 3001 1325 3066 distribuit:

220 3115 253 3174 in
275 3113 400 3177 classes
423 3121 510 3194 tres,
545 3113 715 3195 opificum,
743 3111 974 3194 agricolarum,
1006 3121 1207 3174 armatorum.
1249 3110 1314 3172 Al·

219 3225 290 3278 tera
318 3217 447 3299 partitio
479 3225 531 3278 est
567 3235 728 3300 agrorum.
783 3217 893 3297 Agros
927 3217 1002 3277 item
1037 3227 1105 3278 tres
1139 3215 1248 3278 divisit
1280 3217 1313 3279 in

219 3331 345 3404 partes3
366 3343 460 3385 unam
481 3323 559 3386 lacit
581 3325 751 3404 privatam,
766 3324 898 3386 ultorem
914 3323 1081 3404 publicam,
1097 3341 1222 3386 sacram
1242 3333 1310 3385 ter-

218 3429 304 3490 tiam.
347 3427 440 3506 Quae
461 3428 579 3491 oivium
607 3445 822 3512 agrorumque
851 3429 976 3509 partitio
1008 3437 1086 3510 quot
1114 3437 1147 3492 ct
1175 3435 1324 3511 quantas·

216 3534 332 3599 afferat
359 3535 586 3618 difficultates,
615 3535 772 3598 uberrime
801 3534 895 3600 docet
916 3536 1117 3599 Aristoteles.
1140 3569 1182 3581 -
1204 3537 1313 3600 'l'ertia

218 3651 269 3704 est
289 3645 341 3706 lex
362 3642 403 3705 de
423 3643 491 3706 iure
512 3643 655 3706 diceudo.
699 3642 750 3706 Ad
763 3643 953 3706 sententiam
968 3646 1050 3706 enim
1066 3642 1228 3706 ferendam
1248 3662 1311 3706 non

208 3753 376 3836 'suffragia
397 3754 620 3836 Hippodamus
641 3754 701 3817 sod
715 3755 849 3816 tabellas
867 3753 1010 3816 adbiberi
1029 3755 1131 3826 iussit,
1156 3764 1190 3816 ut
1212 3753 1312 3820 iudex

218 3861 247 3922 si
268 3859 431 3923 damnaret
452 3860 595 3943 quidem,
624 3879 686 3924 neo
716 3871 822 3925 tamen
850 3863 1050 3944 simpliciter,
1081 3863 1214 3926 haberet
1248 3883 1311 3946 quo

219 3971 413 4030 sententiam
426 3967 575 4048 aperiret,
598 3987 683 4030 neve
703 3987 800 4050 quum
822 3987 896 4032 rens
917 3970 1042 4032 omnino
1062 3977 1152 4032 esset
1172 3977 1229 4032 aut
1250 3971 1311 4033 ab·

220 4072 396 4136 solvendus
417 4081 473 4136 aut
494 4071 692 4136 damnandus
714 4083 883 4155 cogeretur
895 4073 935 4136 ad
951 4074 1130 4154 periurium.
1173 4077 1218 4137 At
1230 4093 1311 4138 sen·

129 4181 133 4188 “
221 4181 338 4245 tentiae
358 4181 387 4244 si
408 4181 453 4244 ita
472 4182 635 4264 feruntur,
656 4183 711 4246 vel
733 4182 871 4246 maxime
891 4182 1130 4264 discrepabunt3
1159 4201 1222 4266 quo
1243 4184 1312 4264 fiet,
