3124 4918
676 359 883 431 ,37-

232 552 354 617 exstitit
374 548 525 638 κτητικῆς
545 569 667 636 genus,
695 571 780 634 quaa
808 559 860 614 ost
887 557 1073 615 mennatum.
1116 549 1209 629 Quae
1233 567 1326 631 quum

236 663 401 740 pecuniam
424 679 485 722 non
507 668 635 742 propter
657 676 749 723 nsum
779 660 979 740 luentium,
1002 677 1061 722 neo
1080 659 1189 722 satiari
1209 666 1330 739 potost,¹

232 784 334 849 usquo
355 777 405 830 nat
425 775 482 830 ant
503 768 683 832 necessaria
704 777 761 830 ant
784 777 895 831 natura
916 767 1001 831 data.
1045 767 1245 847 Quapropter
1265 765 1328 827 hoo

231 891 336 956 gonus
364 873 623 958 vituperandum,
654 874 844 938 laudandum
866 875 897 938 id
924 875 1009 958 qnod
1040 883 1092 937 ost
1125 867 1328 956 οἰκονομικῆς

232 995 320 1060 pars,
342 978 490 1062 qnodquo
510 976 551 1041 ad
573 979 691 1042 viatnm
712 979 887 1061 parandum
907 991 1022 1044 natura
1049 981 1121 1062 ipsa
1148 980 1324 1042 institutum

233 1094 284 1149 nst
306 1087 395 1166 (Pol.
417 1089 441 1148 l.
463 1088 493 1148 u.
519 1084 599 1164 tu).

301 1194 467 1276 llxpositis
482 1196 532 1255 eis
546 1211 629 1274 qnae
641 1192 683 1256 ad
698 1193 910 1275 cognitionem
924 1191 1071 1279 (γνῶσιν)
1082 1203 1241 1276 spootant,
1254 1195 1326 1276 phi-

178 1369 180 1376 !
230 1283 381 1382 losdpltns
409 1301 561 1365 dicturum
589 1318 627 1364 so
647 1303 814 1384 pollicetur
834 1301 875 1364 de
897 1321 958 1365 nso
979 1290 1135 1388 (χρῆσαι).
1181 1303 1346 1366 noune--

230 1411 307 1472 ratis
328 1411 424 1492 igitur
445 1407 570 1472 duabus
594 1408 634 1472 do
655 1410 769 1491 quibus
791 1417 867 1472 anto
888 1408 968 1472 dixit
979 1406 1233 1493 χρηματιστικῆς
1247 1429 1325 1490 par-

228 1517 324 1598 tibus,
346 1534 448 1598 genus
469 1517 627 1601 quoddam
642 1517 730 1580 addit
742 1518 879 1580 tortium.
902 1517 995 1597 Quod
1014 1519 1043 1579 in
1057 1515 1161 1580 medio
1175 1516 1324 1598 positum,

230 1641 326 1706 quum
341 1641 392 1686 ros
407 1624 448 1686 ad
462 1627 560 1688 vitam
573 1625 665 1688 utiles
681 1645 722 1686 ox
736 1633 821 1687 terra
832 1632 952 1707 sumat,
964 1642 1035 1686 oum
1047 1625 1152 1716 priore
1165 1624 1324 1706 nongrnit,

230 1734 270 1795 ab
294 1733 406 1796 oodom
419 1732 529 1817 distat,
546 1753 640 1816 quum
656 1753 718 1796 non
736 1733 777 1797 ad
796 1733 935 1798 familiae
947 1751 1039 1796 usum
1056 1752 1109 1797 res
1124 1743 1323 1816 comparatas

228 1841 387 1922 adhibeat,
409 1841 468 1904 sod
490 1841 610 1905 vendat
630 1842 774 1924 poounin.
805 1840 888 1904 (lum
909 1841 1087 1923 posteriore
1109 1847 1217 1904 autom
1240 1839 1272 1902 id
1294 1841 1323 1902 oi

228 1967 396 2012 oommnno
409 1958 470 2031 est,
486 1947 568 2031 quod
583 1947 753 2011 vendendo
769 1957 939 2030 utrumque
960 1955 1128 2030 quaestum
1152 1948 1246 2027 looit3
1269 1949 1322 2009 in-

228 2063 329 2118 terest
344 2053 387 2136 id,
401 2053 485 2136 quod
501 2053 627 2116 aliunde
642 2073 695 2117 res
713 2054 847 2118 venalos
862 2055 994 2118 altorum
1013 2054 1102 2136 omit,
1124 2057 1258 2118 alterum
1281 2073 1323 2118 ox

227 2172 311 2227 tarra
327 2164 452 2244 quaerit
467 2164 582 2244 ipsum.
604 2167 648 2226 At
660 2183 738 2227 voro
750 2183 812 2226 non
829 2171 941 2226 servat
956 2161 1039 2244 quod
1057 2162 1210 2245 promisit,
1232 2179 1270 2226 so
1281 2160 1324 2225 do

226 2289 288 2332 nso
310 2270 466 2352 quaedam
486 2273 669 2351 allaturum3
700 2291 739 2335 ea
767 2271 888 2334 assumi
915 2269 1001 2335 iubat
1022 2290 1065 2333 ox
1085 2270 1214 2333 aliorum
1237 2269 1323 2331 libris

227 2374 267 2438 do
288 2379 484 2458 agricultura
504 2387 537 2442 et
558 2377 598 2440 de
620 2379 717 2440 rebus
735 2379 902 2442 similibus.
952 2381 988 2441 ln
1013 2377 1075 2442 hoo
1095 2383 1178 2440 onim
1199 2397 1322 2460 genero

226 2483 301 2546 nihil
322 2486 582 2566 praetermissum
605 2503 693 2569 esso,
715 2486 775 2550 nisi
787 2486 873 2568 quod
888 2503 985 2570 quum
1005 2487 1146 2549 nonnulli
1165 2487 1322 2548 maximos

229 2599 383 2672 quaestus
412 2591 585 2675 fecissent,
614 2592 769 2658 eiusmodi
794 2595 943 2675 exempla
963 2612 1025 2656 non
1046 2594 1182 2658 oolloota
1202 2606 1322 2656 essent.

225 2697 348 2761 Deindo
369 2699 523 2764 adscribit
544 2700 613 2784 ipso
641 2699 773 2764 duorum
799 2701 958 2764 hominum
987 2700 1151 2783 exempla,
1181 2699 1234 2784 qni
1262 2700 1322 2762 sibi

224 2805 432 2890 μονοπωλίαν
453 2813 642 2894 paravorint
690 2814 806 2876 'l'otom
828 2831 895 2874 rom
917 2811 962 2874 ita
984 2810 1141 2891 absolvit,
1170 2819 1205 2872 ut
1226 2809 1320 2871 otiam

225 2919 362 3000 politicis
382 2919 464 2982 haeo
485 2922 615 3003 ongoitn
636 2921 727 2984 utilia
748 2939 825 2984 esse
846 2929 989 3003 annotet,
1010 2919 1096 3002 quod
1114 2927 1180 2982 tum
1194 2917 1321 2981 familiis

225 3027 352 3092 aonidat
374 3035 409 3090 ut
431 3031 568 3110 ponunia
590 3027 692 3110 dosit,v
706 3037 775 3092 tum
799 3027 893 3092 etiam
916 3027 1108 3091 civitatibus.

726 3218 754 3288 d·
775 3213 825 3278 23.

615 3349 655 3398 De
671 3349 762 3416 γαμικῆ
779 3349 807 3398 ei
822 3349 936 3414 πατρικῆ.

309 3465 401 3527 Duas
420 3461 559 3545 reliquas
580 3453 784 3548 οἰκονομικῆς
804 3471 927 3546 ρατιονε,
947 3452 1083 3548 μαμικῆν
1104 3472 1136 3526 ot
1154 3451 1324 3547 πατρικήν,

223 3570 366 3634 breviter
392 3570 615 3652 oomplootitur
647 3571 751 3652 napito
774 3572 851 3634 ΧΠ.
901 3571 1020 3654 Naquo
1053 3571 1135 3635 enim
1167 3572 1227 3634 sibi
1259 3591 1322 3635 non

223 3685 377 3740 constans
405 3696 472 3740 ram
503 3684 647 3759 apertam
676 3695 737 3740 noo
757 3677 797 3742 ab
826 3679 890 3742 ullo
918 3676 1044 3742 homino
1067 3695 1203 3760 unquam
1225 3677 1321 3743 dubi-

224 3793 323 3849 tatam
349 3787 468 3852 diffusa
496 3787 640 3853 oratione
665 3795 817 3854 tractare·
831 3790 940 3852 voluit.
983 3788 1102 3851 Pauois
1123 3788 1220 3870 igitur
1240 3787 1323 3852 hono

225 3891 342 3958 donet:
386 3895 675 3971 „Patremlomillas
707 3897 797 3960 uxori
827 3897 973 3980 notisque
1002 3898 1159 3978 imperare
1191 3896 1322 3976 dobere,

227 4009 261 4064 ut
282 3999 461 4065 hominibus
483 4005 589 4068 liboris
611 4003 740 4086 quidam
761 4006 917 4090 utrisque,
939 4003 1000 4069 sod
1021 4008 1113 4068 uxori
1135 3999 1322 4080 πολιτικῶς,

222 4107 309 4171 natis
335 4104 522 4189 βασιλικῶς.
573 4111 659 4174 Nam
690 4119 857 4194 praestaro
886 4121 1001 4176 notura
1031 4131 1151 4176 marom
1172 4111 1323 4194 feminas,

220 4226 330 4283 notato
362 4217 511 4281 maiorem
542 4219 787 4303 porlaotomqoo
816 4227 893 4284 natu
922 4220 1033 4282 minori
1061 4229 1095 4282 et
1126 4219 1323 4300 impsrlooto.
