3124 4918
657 362 862 424 ...Η-

198 572 372 640 gressurus
394 562 465 632 est,
488 572 582 636 quarn
604 553 735 636 primam
760 553 831 616 iore
848 539 996 634 'promisit
1018 548 1059 614 de
1080 547 1299 614 examinandis

199 663 427 744 rebuspubliois
448 661 531 725 lictis
555 657 710 746 (Πρῶτον
731 656 765 723 ελ
783 680 816 722 τι
836 648 919 722 κατα
931 654 1033 744 μέρος
1049 654 1177 742 εἴρηται
1191 651 1297 729 καλῶς

197 755 263 830 alono
286 764 350 830 τῶν
370 762 631 852 προγενεστέρων
652 761 868 851 πειραθῶμεν
889 755 1056 827 ἐπελθεῖν.
1079 764 1151 825 Eth.
1165 763 1239 824 Nic.
1253 765 1296 826 Χ.

199 873 274 946 10.).
317 873 460 934 Eandem
489 890 568 934 vern
595 871 841 953 disputationem
870 871 1006 932 futuram
1036 887 1112 932 εεεε
1141 867 1295 930 indicavit

196 981 228 1042 in
251 981 313 1043 flue
336 981 403 1042 libri
426 981 615 1061 superioris:
645 969 746 1065 ἄλλην
773 967 877 1066 nippis
900 966 1117 1064 ποιησάμενοι
1142 971 1295 1059 λέγωμεν,

196 1082 253 1149 καὶ
275 1081 406 1172 πρῶτον
434 1075 701 1175 ἐπισκεψώμεθα
731 1083 810 1174 περὶ
837 1084 901 1150 τῶν
929 1076 1189 1173 ἀποφηναμένων
1216 1077 1297 1168 περὶ

197 1189 257 1278 σῆς
278 1189 447 1270 πολιτείας
466 1192 526 1281 τῆς
546 1186 690 1282 ἀρίστης.
740 1197 831 1261 Duas
852 1205 958 1262 aulem
980 1198 1066 1260 initio
1088 1197 1155 1258 libri
1177 1197 1218 1260 ll.
1238 1213 1294 1258 re·

197 1305 302 1368 tiones
323 1304 438 1384 attulit,
462 1322 518 1367 cur
539 1306 688 1368 civitates
709 1307 750 1368 ab
772 1307 843 1369 aliis
864 1306 1043 1388 descriptas
1065 1303 1293 1368 diiudicaturus
1360 1363 1361 1366 ,

197 1421 288 1476 esset
308 1419 384 1474 ante
403 1431 497 1494 quam
521 1411 562 1476 de
583 1413 701 1494 optima
723 1421 898 1495 quaereret.
920 1413 1025 1477 Unam
1041 1432 1129 1496 esse,
1152 1421 1187 1475 ut
1207 1409 1293 1495 quod

197 1521 313 1584 bonum
336 1528 368 1581 et
389 1521 466 1582 utile
487 1527 588 1599 esset,
612 1519 863 1603 perspiceretur,
885 1522 1030 1594 alteram,
1053 1528 1089 1583 ut
1109 1529 1292 1602 appareret,

196 1631 415 1712 quaestionem
437 1626 477 1690 de
499 1627 618 1713 optima
640 1629 800 1710 republica
821 1647 842 1691 a
863 1646 902 1690 se
923 1629 1100 1692 institutam
1122 1647 1208 1710 esse,
1231 1645 1293 1690 non

196 1736 280 1818 quod
308 1729 512 1821 σοφίζεσθαι
540 1735 658 1816 veltet,
688 1737 747 1800 sed
777 1739 851 1821 quia
878 1757 989 1802 omnes
1018 1738 1211 1821 reipublicae
1233 1735 1295 1800 de-

194 1845 387 1926 scriptiones
410 1864 472 1907 uon
495 1853 584 1908 recte
605 1862 642 1907 se
663 1844 826 1908 haberent.
852 1848 924 1910 Hac
946 1850 1149 1928 potissimum
1170 1845 1293 1908 ratione

195 1971 289 2035 quum
305 1961 485 2015 commotus
498 1960 586 2014 esset
598 1951 638 2013 ad
652 1953 849 2032 respublicas
865 1954 1104 2035 examinandas,
1119 1951 1291 2016 videndum

195 2059 255 2120 fuit
277 2077 340 2120 non
362 2066 426 2118 tarn
448 2057 522 2137 quid
544 2066 632 2118 recte
660 2058 729 2138 alii,
761 2077 855 2140 quam
886 2059 960 2140 quid
990 2077 1088 2124 secus
1114 2059 1291 2138 dixissent3

197 2181 257 2227 neo
285 2172 350 2226 tam
378 2162 452 2245 quid
483 2169 573 2224 esset
594 2161 795 2248 laudandum,
826 2183 919 2247 quam
941 2167 1015 2250 quid
1036 2165 1288 2248 vituperandum.

199 2269 294 2350 Quod
316 2276 369 2354 qui
401 2289 511 2334 secum
541 2273 757 2354 reputaverit,
787 2282 875 2336 certe
903 2293 966 2338 uon
996 2275 1175 2358 mirabitur,
1206 2273 1292 2357 quod

201 2395 258 2440 eas
289 2396 369 2460 quas
399 2377 453 2440 elii
482 2376 641 2440 finxerunt
670 2379 818 2442 civitates
847 2381 891 2443 ita
917 2380 1118 2463 diiudicarit,
1143 2392 1179 2445 ut
1210 2400 1295 2462 quae

194 2496 283 2549 recte
304 2487 478 2551 constituto
499 2497 625 2568 essont3
649 2497 704 2550 aut
719 2489 843 2551 omniuo
857 2509 918 2552 non
932 2491 1089 2572 proferret
1103 2499 1159 2552 aut
1178 2491 1295 2552 leviter

198 2597 389 2674 attingeret3
423 2613 504 2676 quae
537 2595 638 2656 minus
671 2603 781 2675 recto,
814 2596 994 2678 exquireret
1024 2604 1058 2658 et
1088 2597 1295 2678 vituperaret.

195 2701 482 2763 verumenimvero
514 2701 598 2762 bano
633 2702 785 2764 rationem
815 2711 965 2784 secutus,
1009 2702 1084 2766 illud
1115 2703 1200 2786 quod
1232 2704 1294 2766 sibi

192 2817 402 2892 proposuerat
423 2810 557 2872 alterurn
580 2817 750 2873 assecutus
771 2819 834 2892 est,
858 2819 892 2874 ut
914 2811 1000 2894 quod
1022 2811 1138 2874 bonum
1162 2819 1195 2875 et
1216 2811 1293 2874 utile

194 2925 298 3000 esset,
321 2923 585 3001 cognosceretur3
609 2917 785 2981 refutandis
808 2921 889 2982 enim
912 2919 1086 3003 erroribus,
1106 2939 1185 2983 vera
1203 2939 1293 2984 sem·

192 3044 250 3107 per
265 3025 518 3106 comprobentur.
563 3025 630 3088 Sed
652 3025 734 3089 haec
752 3027 920 3092 hactenus.

193 3260 241 3310 ua
265 3269 307 3308 ea
330 3255 519 3320 civitate,
541 3267 646 3320 qnam
669 3257 782 3308 Plato
807 3258 931 3310 tinxit
955 3257 992 3310 in
1017 3257 1137 3310 libris
1163 3262 1203 3310 de
1227 3260 1293 3310 lle·

659 3342 826 3403 publiea.

689 3447 719 3516 s.
742 3443 793 3507 27.

278 3556 422 3620 Platonis
444 3555 607 3619 civitatem
627 3555 673 3620 ita
692 3556 864 3640 examinat,
885 3564 919 3619 ut
938 3556 1033 3620 simul
1048 3555 1194 3637 inquirat,
1217 3553 1292 3638 quid

193 3661 317 3725 civibus
339 3681 507 3726 commune
525 3680 600 3725 esse
620 3671 767 3745 oporteat
787 3663 817 3724 in
837 3663 1000 3744 republica
1018 3664 1100 3725 bene
1118 3664 1292 3728 constituta

192 3759 231 3856 (ἦ
251 3767 416 3852 μέλλουσα
436 3760 633 3858 οἰκήσεσθαι
654 3757 752 3844 πόλις
774 3766 907 3843 καλῶς)
937 3772 1022 3834 Nam
1044 3769 1120 3833 nihil
1143 3778 1177 3833 ut
1198 3787 1291 3833 com-

193 3897 288 3942 mune
316 3880 379 3962 sit,
410 3879 478 3942 lieri
507 3881 633 3962 nequit,
665 3897 762 3962 quum
790 3877 973 3959 respublica
1001 3881 1045 3941 sit
1071 3879 1293 3942 communitas.

195 3993 296 4056 Cives
326 3993 408 4056 onim
439 4009 575 4055 necesse
606 4001 657 4055 est
679 4010 775 4055 unum
797 3989 995 4074 eundemque
1017 3991 1120 4056 locum
1145 3992 1293 4055 incolant.

198 4101 266 4168 Sed
288 4110 393 4167 utrum
415 4120 527 4167 omnes
548 4121 602 4166 res
622 4102 756 4166 attineat
776 4099 807 4164 in
830 4099 1010 4183 promiscuo
1032 4117 1126 4182 csse,
1150 4119 1192 4164 an
1212 4101 1293 4163 alias

194 4209 321 4291 quidem
351 4229 445 4296 essa,
474 4212 553 4276 alias
581 4231 642 4277 non
670 4226 764 4292 esse,
793 4225 910 4291 magna
933 4208 1080 4292 quaestio
1101 4215 1161 4273 est.
1205 4208 1290 4272 Nam
