3118 4914
682 361 886 425 ...75-

230 527 439 625 ποιῆσασθαι
468 529 526 626 τήν
553 528 780 627 προσήκουσαν
807 527 941 624 ζήτησιν
968 526 1089 624 ἀνάγκη
1117 533 1332 624 διορίσασθαι

230 646 372 735 πρῶτον,
391 643 443 724 τίς
452 635 671 733 αἱρετώτατος
689 640 772 728 βίος.
793 646 917 710 Deinde
932 646 1076 728 scquitur
1096 645 1138 708 de
1150 646 1217 709 vite
1238 653 1333 727 optu-

231 739 285 819 biii
310 757 487 839 disputatio
509 758 591 838 ipso,
621 773 717 836 quom
751 755 926 837 proximem
957 751 1164 835 postlibrum
1187 752 1333 819 littore

231 862 529 939 demonstravimus.
552 895 592 908 -
613 863 679 926 illis
700 871 806 925 autem
826 862 858 924 iu
880 861 988 924 verbis
1009 860 1040 922 id
1061 878 1187 942 quoque
1207 879 1332 921 merue-

234 981 305 1034 retu
328 971 458 1053 dignum
481 969 599 1051 iudico,
619 969 703 1051 quod
725 969 927 1046 Aristoteles,
951 986 1045 1049 quum
1069 985 1165 1048 supro
1179 968 1332 1047 scripsis-

234 1087 286 1141 set
307 1065 510 1164 αἱρετωτάτη
531 1065 659 1162 ζωὴ,οα
680 1077 792 1140 eudem
820 1075 1029 1157 offenderent,
1043 1073 1105 1138 hoc
1131 1076 1202 1137 looo
1226 1072 1333 1156 posuit

232 1172 451 1270 αἱρετώτατος
469 1179 542 1264 βίος
554 1189 589 1260 ¹).

317 1295 406 1356 vm.
438 1295 474 1354 iu
494 1292 606 1374 eodepu
637 1301 744 1354 eutem
767 1291 874 1372 capite
896 1289 977 1352 hece
998 1298 1085 1352 suut:
1121 1289 1247 1367 „Quom
1271 1287 1333 1350 viri

232 1399 306 1462 boui
324 1400 426 1462 virtus
448 1397 560 1462 eedem
581 1399 624 1462 sit
646 1415 719 1461 cum
740 1398 811 1460 eius
832 1398 965 1478 virtute,
1004 1397 1057 1479 qui
1081 1397 1111 1458 in
1134 1400 1253 1478 optime
1276 1415 1332 1458 re·

232 1503 356 1584 publiea
372 1503 452 1566 civis
470 1507 526 1584 sit,
548 1495 682 1584 condem
703 1520 780 1566 osse
800 1505 967 1581 rationem,
990 1520 1051 1583 que
1073 1503 1145 1582 quis'
1161 1502 1210 1565 vir
1229 1502 1332 1566 bouus

232 1609 353 1672 evadet
373 1619 407 1672 et
428 1611 546 1692 optimo
566 1620 774 1688 componatur
794 1611 911 1673 civitas
921 1626 1050 1694 ,Aquuru
1074 1611 1331 1696 optimercivitus

233 1724 425 1778 ceustetex
445 1716 537 1778 bouis
559 1717 691 1778 civibus.
736 1716 845 1794 Quare
874 1726 907 1778 et
936 1717 1156 1780 educationem
1189 1727 1222 1780 et
1250 1737 1332 1782 cou-

233 1821 432 1885 suetudinem
462 1822 596 1884 eundem
619 1841 714 1906 esse,
743 1842 806 1904 que
828 1826 900 1903 quis
930 1825 978 1885 vir
1007 1823 1107 1886 bonus
1129 1823 1278 1886 reddatur
1299 1832 1333 1886 et

233 1930 316 1992 civis
337 1932 475 2010 optimae
497 1929 698 2010 reipublicae.
741 1930 803 1992 His
825 1930 924 2011 igitur
945 1930 1052 1992 verbis
1067 1939 1099 1992 et
1120 1949 1212 2013 quem
1232 1949 1331 1994 secu-

235 2025 332 2098 turus
352 2036 395 2098 sit
422 2038 452 2098 iu
475 2035 690 2118 disputatione
712 2036 752 2098 de
775 2037 894 2118 optimu
916 2037 1048 2100 civitate
1069 2039 1153 2100 vium
1177 2049 1210 2102 et
1230 2040 1331 2101 ratio-

231 2165 303 2208 nem
328 2145 542 2228 demonstret,
571 2147 772 2228 ostenditque
801 2165 839 2209 se
869 2148 1032 2210 civitatem
1064 2149 1155 2230 quusi
1183 2168 1203 2212 ιι
1230 2149 1331 2230 prime

233 2263 341 2316 aetate
363 2255 582 2318 edocaturum.
627 2259 719 2319 Haec
748 2257 778 2318 iu
808 2255 887 2318 libro
923 2257 997 2320 111.:
1028 2257 1118 2318 libris
1147 2275 1225 2324 vero
1255 2259 1331 2322 Vll.

232 2370 267 2426 et
301 2363 393 2426 Vlll.
437 2364 610 2446 ingreditur
638 2365 772 2428 condem
802 2382 896 2446 quom
929 2365 1119 2426 monstravit
1149 2364 1331 2446 disputandi

143 2483 146 2488 ·
230 2468 326 2532 viem

315 2573 373 2638 IX.
396 2575 475 2636 'l’um
499 2575 577 2638 dicit
597 2575 696 2642 haece
716 2571 947 2660 Διωρισμέναιν
967 2570 1005 2637 δὲ
1025 2567 1149 2638 τούτων
1170 2572 1250 2662 περὶ
1270 2575 1331 2662 τῆς

230 2675 405 2755 πολιτείας
422 2670 486 2766 ἤδη
515 2677 690 2768 πειρατέον
717 2677 823 2764 λέγειν
853 2677 912 2766 τῆς
939 2670 1075 2768 ἀρίστης
1101 2677 1176 2756 τίναι
1199 2679 1330 2770 πέφυκε

231 2782 383 2870 γίνεσθαι
403 2776 527 2874 τρόπον
548 2785 603 2852 καὶ
620 2783 851 2851 καθίστασθαι
864 2783 946 2862 πῶς.
957 2791 1124 2853 Aristoteli
1140 2791 1234 2874 igitur
1250 2812 1330 2872 pro·

232 2897 371 2976 positum
405 2897 485 2976 fuit,
517 2907 551 2960 ut
580 2897 730 2977 doceret,
762 2897 880 2980 optime
909 2900 1089 2977 respublica
1117 2909 1151 2963 et
1172 2903 1331 2982 quomodo

231 3009 345 3065 notura
357 3003 491 3064 oriretur
502 3011 534 3064 et
545 3021 608 3084 que
622 3005 744 3066 ratione
755 3006 1010 3073 constitueretur.
1034 3008 1159 3073 Etenim
1170 3011 1270 3073 verbo
1281 3005 1333 3093 yl-

230 3106 350 3170 νεσθαι
359 3107 580 3189 significantur
589 3127 640 3189 ea,
650 3127 731 3190 quae
743 3129 782 3172 ex
791 3113 1108 3195 nuturorequiruutur
1117 3123 1220 3178 terroe
1231 3117 1333 3179 etho·

229 3213 360 3297 minum,
374 3215 512 3297 optimae
521 3216 981 3298 reipublieeeoivibusadbeue
995 3220 1330 3304 beuteqoeviveudum

229 3375 517 3392 *a

248 3468 282 3534 1)
301 3471 340 3520 De
357 3469 409 3521 troc
426 3475 587 3533 argumento
615 3471 740 3524 dixerunt
778 3478 805 3525 et
822 3475 983 3542 Spengetius
1009 3477 1130 3538 (Miiuci-
1149 3480 1209 3532 (iel.
1226 3481 1330 3531 Auci

298 3575 322 3613 e.
341 3568 369 3613 et
377 3562 538 3628 „Ueberdie
556 3563 614 3621 Pol.
632 3566 679 3614 des
695 3564 801 3617 Arist.“
810 3580 835 3628 p.
853 3569 929 3628 2002
947 3571 1005 3620 «Da
1022 3574 1072 3620 Ar.
1090 3585 1152 3622 voru
1169 3577 1258 3624 ersten
1277 3577 1331 3624 Ur-

293 3667 398 3718 spruug
414 3667 450 3704 ou
470 3653 606 3716 begiuucu
622 3655 694 3719 will,
712 3669 744 3708 so
761 3657 871 3708 kduuen
889 3659 930 3708 die
943 3655 1331 3726 jetztcbgerisseueuwo'rte

293 3746 341 3793 des
368 3745 467 3794 dritten
496 3748 599 3796 Boebes
621 3746 717 3798 keioen
741 3752 843 3800 anderu
867 3752 1014 3802 Gedaulreu
1038 3753 1195 3818 euthetteu,
1218 3757 1260 3806 als
1276 3749 1331 3806 ι’νῑο

294 3835 377 3884 sehon
399 3833 446 3884 der
469 3837 614 3888 Ausdruek
630 3837 693 3907 πρός
710 3835 755 3905 τήν
772 3838 937 3908 αἱρετωτάτην
960 3839 1023 3909 ζωήν
1049 3846 1173 3896 errutheu
1190 3847 1269 3911 ldsst,
1288 3847 1330 3898 die

297 3923 524 3988 zurdelrtiihroug
540 3928 589 3976 auf
605 3929 656 3978 deu
672 3930 796 3979 hochsteu
814 3933 1031 3999 Lebeuszweek‚
1048 3937 1101 3986 wie
1114 3936 1166 3987 wir
1175 3952 1204 3986 es
1221 3938 1257 3988 im
1274 3937 1330 3988 sie-

295 4016 392 4064 beuteu
412 4019 499 4066 fluoue
515 4019 630 4072 finden.»
664 4025 692 4070 ot
710 4022 842 4088 scaturiet,
860 4024 903 4086 qui
920 4026 986 4074 haee
1002 4026 1120 4088 scripsit.
1145 4029 1211 4077 «Die
1228 4031 1330 4080 Ueter-

295 4110 418 4173 ruehuug
437 4110 506 4160 uber
529 4115 565 4169 τις
587 4107 748 4178 αἲρετώτατος
772 4117 846 4178 pto„
869 4115 941 4165 wird
964 4119 1143 4182 uothweudig
1166 4117 1250 4168 durch
1278 4123 1330 4170 deu

293 4215 336 4253 om
354 4199 541 4252 Sohlussedee
559 4205 587 4260 3.
604 4206 708 4257 Βιιοιιιι
722 4208 881 4272 gemachteu
891 4207 995 4259 zusetu
1004 4206 1065 4276 πρός
1074 4207 1239 4276 αἱρετωτάτην
1256 4208 1328 4275 ζωήν.
