3118 4914
221 541 306 605 quae
336 542 443 586 eorum
478 529 576 604 opera
610 539 705 585 unum
738 524 771 584 in
803 521 961 584 hominem
996 519 1131 583 conferri
1161 519 1319 602 possenti

223 635 328 714 Quum
352 639 489 717 optimae
519 625 711 716 reipublicae
738 633 862 698 civibus
891 641 1139 696 consentaneum
1168 633 1213 694 sit
1240 633 1322 696 bene

221 741 382 824 beateque
411 743 525 804 vivere
553 741 731 805 secundum
760 743 930 806 virtutem:
963 760 1074 806 omnes
1103 743 1239 804 necesse
1269 747 1321 802 est

222 847 355 911 civitate
376 855 557 927 arceantur,
577 865 709 929 quorum
730 847 773 910 sit
792 847 859 908 vita
878 845 1027 927 ignobilis
1046 846 1220 928 virtutique
1239 862 1322 908 con·

221 959 328 1019 traria.
372 957 469 1037 Atqui
491 956 534 1016 ite
556 964 740 1036 comparata
762 955 829 1019 vita
851 955 1006 1034 artificum
1031 962 1135 1017 estet
1156 952 1320 1034 agricola-

219 1083 299 1125 rum.
341 1063 457 1145 Neque
480 1083 559 1126 vero
583 1064 651 1126 lieri
673 1072 790 1146 potest,
813 1071 847 1124 ut
869 1066 924 1145 qni
945 1063 1077 1124 iuvenes
1098 1061 1197 1123 vitam
1220 1077 1320 1140 egre·

220 1177 304 1230 stem
327 1167 501 1251 degerunt,
533 1179 640 1232 aetate
672 1167 884 1250 procedentes
906 1167 996 1228 cives
1018 1168 1158 1230 existant
1177 1165 1320 1246 perlecti.

221 1276 371 1338 Perfecta
393 1280 475 1338 enirn
498 1277 601 1338 virtus
623 1275 752 1358 requirit
772 1275 870 1337 otium
892 1283 924 1336 et
946 1273 1215 1336 exercitationem.
1250 1273 1317 1333 Mi-

222 1382 298 1444 lites
323 1401 414 1458 vero,
437 1383 514 1444 ioris
549 1381 785 1461 disceptatores
815 1387 848 1442 et
883 1387 1069 1457 senatores,
1100 1377 1153 1459 qui
1180 1377 1322 1457 inprimis

218 1487 283 1547 sint
305 1485 496 1566 reipublicae
526 1487 721 1566 participes,
751 1484 882 1546 eosdem
913 1502 988 1544 esse
1011 1483 1177 1545 Aristoteli
1200 1483 1316 1565 placet,

220 1611 326 1674 neque
348 1601 453 1654 tameo
477 1611 587 1654 omnes
609 1599 718 1654 eetate
737 1589 876 1654 eosdem.
919 1591 1035 1672 Neque
1055 1590 1138 1652 enim
1159 1592 1212 1673 qui
1231 1609 1320 1654 erme

220 1707 330 1762 tenent
352 1711 480 1780 semper
499 1718 612 1780 parere
629 1699 757 1778 volunt3'
777 1707 829 1762 est
851 1706 956 1760 autem
978 1701 1009 1760 iu
1029 1719 1138 1763 eorum
1157 1707 1320 1782 potestate

221 1807 347 1870 civitas.
393 1808 500 1885 Quare
523 1809 576 1890 qui
598 1807 679 1870 virili
700 1815 812 1870 aetate
829 1807 945 1869 milites
967 1808 1112 1888 fuerunt,
1136 1811 1235 1870 ermis
1259 1806 1320 1870 de·

221 1915 352 1997 positis,
375 1915 497 1976 iudices
523 1914 734 1979 constituendi
763 1923 892 1976 suntet
915 1924 1091 1978 senatores.
1143 1915 1319 1998 Eidemque

220 2041 319 2107 egros
341 2023 529 2102 possideant
550 2030 676 2102 oportet
697 2039 873 2102 omnesque
895 2021 1016 2100 copias.
1049 2023 1134 2084 Nem
1156 2023 1319 2103 agricolae

221 2139 318 2210 atque
339 2127 494 2210 artifices,
518 2148 611 2210 quom
635 2129 760 2190 consilii
781 2129 857 2206 siut,
887 2127 993 2190 iudicii
1012 2147 1232 2212 armorumque
1254 2149 1317 2190 ex-

220 2250 339 2322 pertes,
363 2239 549 2301 necessarie
570 2248 624 2300 aut
647 2239 734 2300 servi
753 2245 827 2298 suut
849 2245 905 2299 aut
924 2236 1048 2298 barbari
1069 2245 1125 2298 aut
1146 2230 1320 2322 περίοικοι.

221 2345 417 2411 Sacerdotes
441 2347 571 2430 denique
594 2347 704 2436 exeis
729 2345 888 2428 deligendi
909 2353 1000 2420 sunt,
1025 2347 1077 2429 qui
1100 2365 1229 2408 munere
1250 2346 1317 2407 rei·

221 2456 368 2538 publicae
389 2454 658 2519 administrandae
680 2473 718 2516 se
740 2455 933 2517 abdicarunt.
958 2455 1046 2535 Ergo
1061 2453 1215 2534 artifices,
1231 2453 1320 2535 agri-

223 2557 443 2646 coleseioeg
463 2563 639 2624 necessarii
660 2561 785 2642 quidem
807 2560 1016 2640 reipublicee3
1038 2579 1100 2622 nec
1121 2570 1227 2624 temen
1249 2561 1320 2622 eius

223 2677 341 2752 perles.
375 2669 576 2750 inpartibus
598 2667 696 2750 igitur
717 2667 746 2728 ei
767 2665 827 2728 soli
849 2665 1048 2746 numerandi,
1071 2666 1124 2748 qui
1146 2666 1321 2747 rempubli-

224 2793 294 2838 cam
316 2784 451 2858 gerunt,
480 2777 555 2838 iuris
582 2773 835 2854 disceptatores,
869 2773 1003 2847 milites,
1035 2781 1213 2836 senatores.
1255 2775 1322 2834 lam

223 2902 304 2946 vero
341 2885 412 2946 eius
445 2882 527 2966 quod
562 2883 594 2946 in
625 2885 664 2946 Π.
686 2883 716 2944 5.
748 2881 833 2944 dedit
863 2882 1025 2964 praecepti
1055 2901 1117 2944 nnn
1147 2883 1321 2958 immemor,

224 2992 414 3055 testimoniis
432 3011 472 3054 ex
486 2991 617 3054 historia
634 2994 741 3073 petitis
765 2993 848 3056 illem
871 2994 996 3076 quidem
1020 2994 1150 3056 militum
1172 3011 1321 3054 severam

223 3099 263 3164 ab
274 3100 426 3182 agricolis
437 3098 673 3181 separationem
691 3121 752 3162 non
769 3121 788 3162 a
806 3119 843 3162 se
858 3119 935 3164 esse
952 3102 1114 3164 inventam
1127 3100 1323 3181 comprobet.

306 3210 480 3290 Postquam
514 3197 551 3268 ei‘
574 3212 645 3270 sine
676 3209 790 3288 quibus
821 3209 938 3270 civitas
966 3227 1069 3290 neque
1100 3211 1191 3270 nasei
1218 3225 1323 3290 neque

223 3333 299 3376 esse
321 3335 457 3398 unquam
480 3323 597 3399 potest,
621 3334 680 3378 suo
704 3317 840 3396 quisque
862 3319 934 3380 loco
954 3316 1098 3398 dispositi
1114 3324 1200 3395 sunt,
1222 3323 1323 3376 restat

223 3431 258 3484 ut
280 3422 320 3484 de
342 3426 431 3506 agris
454 3421 681 3486 distribuendis
705 3423 828 3486 dicetur
850 3431 883 3484 et
907 3422 947 3484 de
968 3425 1129 3503 agricolis.
1180 3423 1320 3483 Posses-

221 3531 344 3590 siooem
374 3530 470 3610 igitur
499 3548 659 3614 agrosque
689 3549 765 3592 esse
794 3539 827 3592 et
857 3530 966 3592 haberi
996 3530 1065 3591 vult
1094 3529 1229 3610 private.
1252 3527 1321 3592 Sed

222 3654 300 3698 usus
321 3655 361 3700 ea
381 3636 494 3700 reddat
521 3637 656 3718 publica.
706 3629 863 3698 Συσσίτια
894 3636 969 3698 item
998 3636 1123 3716 publice
1144 3653 1217 3698 esse
1239 3637 1321 3716 vult,

222 3753 258 3808 ut
279 3763 318 3806 ea
340 3763 423 3827 quae
450 3745 491 3808 ad
519 3745 649 3808 deorum
674 3747 792 3806 cultum
817 3746 1027 3808 conferuntur.
1079 3745 1187 3822 Quare
1208 3764 1322 3831 agrum

222 3859 324 3914 totum
346 3853 480 3933 partitur
502 3852 633 3933 primurn
656 3855 690 3912 iu
709 3852 866 3933 publicum
898 3861 930 3914 et
960 3853 1134 3934 privatum,
1163 3853 1322 3935 publicum

223 3957 296 4024 dein
317 3958 347 4018 in
370 3964 478 4040 partes
500 3956 593 4037 duas,
616 3965 651 4018 ut
673 3977 714 4018 ex
735 3959 835 4020 altera
856 3966 945 4040 perte
975 3965 1136 4042 sumatur,
1168 3959 1250 4041 quod
1280 3960 1322 4024 ad

222 4059 391 4143 συσσίτια,
413 4085 455 4128 ex
477 4067 596 4146 altera,
628 4064 711 4148 quod
741 4065 783 4130 ed
805 4069 920 4130 cultum
943 4065 1085 4130 divinum
1107 4069 1323 4134 necessarium

221 4177 273 4242 sit.
317 4179 440 4257 Agrum
463 4184 568 4240 autem
592 4177 752 4258 privatum
775 4177 820 4240 ita
842 4175 1011 4258 distribuit,
1027 4185 1061 4240 nt
1078 4178 1195 4242 civium
1208 4177 1323 4260 cuique
