3118 4914
639 321 678 336 -
730 290 871 352 116-

218 477 266 537 bis
299 474 562 556 praesedentibns
584 475 693 538 videre
721 474 812 553 lieet)
836 472 967 554 intelligi
995 471 1063 532 vult
1097 464 1318 555 δημοκρατίαν

149 610 153 618 ·
218 589 251 644 et
270 570 470 664 ὀλιγαρχίαν.
499 576 606 660 Quare
621 581 729 643 verbis
744 580 815 642 istis
835 581 864 642 ei
880 575 1188 660 signifieantnrlibri‚
1204 578 1319 660 quibus

219 691 260 754 de
274 693 495 754 constituenda
510 685 673 774 πολιτείᾳ,
686 682 890 774 δημοκρατίᾳ
906 698 938 750 et
950 677 1120 774 ὀλιγαρχίᾳ
1140 687 1321 769 expositum

220 808 281 861 est.
329 800 375 860 Ar
406 819 484 860 vero
515 800 593 860 lrber
612 806 728 860 sextus
750 797 809 858 nisi
832 797 1003 860 oolloeatnr
1025 805 1098 859 ante
1121 795 1162 861 V.
1189 798 1229 856 de
1249 795 1320 856 eolo

219 901 445 989 καλουμένῃ
468 900 669 988 πολιτείᾳ
690 916 764 970 ante
786 905 1119 988 instituta-disputatio
1142 912 1202 968 est.

300 1006 391 1070 vill.
434 1007 615 1086 Sequuntur
626 1017 733 1070 autem
750 1008 779 1068 in
794 1006 906 1070 eodem
922 1007 1045 1088 eapitet
1070 1001 1136 1068 Καὶ
1156 994 1195 1068 oti
1216 1002 1320 1068 πολ-

219 1096 337 1183 λάκις
358 1101 526 1194 εἰρημένον
548 1103 700 1191 μέγιστον
712 1111 894 1191 στοιχεῖον,
909 1099 947 1172 τδ
964 1110 1075 1196 τηρεῖν
1095 1101 1187 1184 ὅπως
1207 1111 1318 1196 κρεῖτ-

219 1240 277 1284 τον
308 1211 402 1283 ἔσται
432 1209 472 1283 ori
499 1209 697 1302 βουλόμενον
726 1211 785 1306 την
817 1217 986 1285 πολιτείαν
1019 1217 1151 1306 πλῆθος
1182 1218 1241 1284 τοῦ
1274 1214 1320 1308 μή

217 1323 426 1408 βουλομένου.
470 1331 535 1392 lam
563 1331 694 1410 saepius
725 1330 817 1412 igitur
845 1330 921 1393 diait
950 1349 1108 1393 summum
1138 1330 1200 1392 lroe
1221 1348 1318 1412 prae-

220 1445 344 1518 oeptnm
373 1453 448 1498 erse
476 1446 763 1498 commemoratum.
807 1436 900 1515 Quod
930 1437 958 1499 si
987 1445 1093 1499 antem
1115 1436 1318 1498 Politioorrnn

219 1543 316 1628 {ibros
346 1547 400 1623 qui
422 1542 619 1624 praeoednnt
646 1553 680 1606 et
707 1547 810 1628 capito
841 1548 1031 1628 perscrutari
1061 1547 1218 1620 volneris,
1249 1551 1320 1610 eins

220 1655 413 1714 mentionem
437 1669 498 1712 non
521 1668 597 1714 esse
619 1651 745 1726 videbis
768 1655 829 1715 nisi
851 1674 915 1716 nno
937 1655 1021 1734 loeo,
1043 1658 1074 1716 in
1098 1654 1167 1716 Pol.
1190 1653 1247 1716 lV.
1272 1641 1321 1716 12.

220 1759 256 1818 ln
284 1764 379 1818 sexto
401 1765 509 1818 antem
533 1756 611 1818 libro
633 1777 695 1820 non
717 1760 820 1821 solnm
832 1803 842 1840 ,
872 1761 923 1822 nbi
947 1759 986 1822 de
1013 1760 1237 1822 constituenda
1257 1755 1320 1843 δη-

218 1856 382 1948 μοκρατίᾳ
402 1873 508 1925 sermo
532 1871 606 1944 est,
634 1873 838 1946 praeceptum
865 1865 939 1928 illud
967 1867 1124 1947 profertur
1144 1865 1202 1929 sed
1225 1869 1319 1932 etiam

219 1974 249 2032 in
278 1970 384 2050 eapite
406 1969 463 2030 Vl.
484 1962 533 2048 τῷ
553 1986 590 2029 τε
625 1964 777 2051 κτωμένῳ
804 1958 843 2030 τδ
867 1965 994 2054 τίμημα
1021 1967 1171 2051 μετέχειν
1199 1966 1321 2050 ἐξεῖναι

218 2072 278 2150 τίς
298 2066 477 2149 πολιτείας,
497 2069 652 2136 τοσοῦτον
670 2068 880 2160 εἰσαγομένου
900 2074 960 2140 τοῦ
981 2065 1087 2164 δήμου
1107 2074 1242 2163 πλῆθος
1264 2067 1321 2142 διδ

219 2181 278 2248 τοῦ
288 2171 480 2266 τιμήματος,
494 2181 575 2262 μεθ’
588 2171 627 2248 οὗ
639 2180 822 2272 κρείττονες
832 2177 960 2250 ἔσονται
974 2177 1096 2274 enirm}
1108 2175 1320 2268 μετεχόντων.

222 2294 314 2372 Quos
351 2295 477 2380 quidem
520 2292 609 2360 looos
641 2295 835 2358 Aristoteles
867 2279 1019 2360 memoria
1049 2301 1175 2378 tonuit,
1223 2317 1318 2380 quum

220 2399 374 2464 scriberet
395 2387 611 2474 πολλάκις.
630 2433 671 2446 -
686 2399 859 2462 Praeterea
881 2397 923 2464 err
945 2402 1075 2484 reliquis
1097 2402 1216 2483 verbis,
1238 2421 1321 2485 quae

221 2507 348 2567 suntin
372 2507 485 2569 eodem
508 2507 562 2570 illo
594 2505 717 2586 eapite,
747 2505 843 2567 sanila
870 2505 1000 2589 intelligi
1031 2507 1107 2568 lieet
1137 2525 1208 2568 eum
1237 2507 1321 2568 notis
1353 2567 1362 2576 ,

222 2613 264 2676 δε
285 2613 382 2677 τείνει
404 2614 511 2678 δίοιτο
532 2631 742 2696 magnamque
764 2620 885 2694 partem
904 2621 997 2674 antea
1020 2613 1176 2675 traotatis.
1200 2663 1202 2670 .

314 2722 366 2782 Ao
396 2719 436 2781 de
468 2719 535 2782 libri
568 2719 624 2783 Vl.
657 2721 857 2799 argumentis
890 2736 973 2801 quae
1007 2716 1141 2782 dieimns
1170 2718 1321 2801 positivis

224 2823 469 2908 disputavimus.
514 2824 580 2890 Sed
609 2824 671 2886 hoe
698 2843 876 2907 quanquam
898 2823 1053 2907 probandi
1082 2831 1148 2890 vim
1172 2845 1320 2910 magnam

219 2933 417 3016 nonhabet,
440 2943 629 3009 tamennon
652 2934 831 3014 omiserim,
855 2933 939 3014 qnod
961 2933 1001 2997 ad
1024 2934 1133 2998 librum
1158 2935 1213 2997 Vl.
1237 2933 1319 2998 nulla

222 3042 349 3104 omnino
370 3060 423 3104 res
444 3043 476 3104 in
498 3042 607 3123 quinto
630 3049 823 3102 reservatur.

305 3151 362 3212 lx.
406 3152 471 3211 lam
493 3167 572 3210 vero
594 3146 633 3224 ad
656 3148 765 3209 librum
783 3155 908 3208 sextum
930 3157 1141 3228 transeamus,
1166 3151 1259 3213 onins
1280 3149 1321 3212 de

222 3258 384 3320 enuntiato
401 3259 500 3338 primo
515 3275 611 3339 supra
628 3257 709 3316 sotis
734 3265 768 3318 nt
790 3257 924 3319 arbitror
945 3257 1161 3322 disseruimus.
1191 3262 1321 3322 Secun-

222 3361 340 3423 dumet
361 3363 484 3425 tertium
504 3370 610 3425 aulem
631 3377 715 3422 nuno
736 3360 765 3420 in
783 3360 1047 3442 disceptationem
1072 3362 1217 3426 vocanda
1237 3369 1319 3422 sunt.

224 3469 334 3548 Quare
347 3489 386 3532 ea
396 3471 602 3534 transcribam
616 3471 759 3553 integrat
781 3457 877 3531 Ἐπεί
888 3463 925 3531 δέ
940 3457 1112 3554 τετύχηκεν
1128 3465 1201 3552 εἴδη
1215 3458 1321 3528 πλείω

222 3569 443 3660 δημοκρατίας
464 3565 541 3638 ὄντα
562 3562 828 3637 netrevillam
849 3562 972 3652 ὁμοίιος
992 3568 1185 3649 πολιτειῶν,
1205 3560 1275 3652 ἅμα
1290 3575 1317 3647 ¹)

222 3700 260 3742 τε
282 3677 361 3766 περί
383 3677 511 3746 ἐκείνων
533 3679 566 3746 εί
584 3703 618 3744 τι
645 3668 771 3762 λοιπόν,
793 3669 832 3742 οδ
856 3680 966 3766 χεῖρον
988 3659 1247 3767 ἐπισκέψασθαι
1266 3675 1323 3742 καὶ

220 3776 276 3851 τδν
304 3781 422 3851 οἰκεῖον
458 3785 514 3852 καί
549 3777 605 3850 orio
631 3782 841 3872 συμφέροντα
870 3775 994 3872 τρόπω
1020 3776 1203 3850 ἀποδοῦναι
1234 3778 1321 3876 πρδς

222 3884 369 3980 ἑκάστην.
403 3885 480 3958 ’Ἔτι
500 3891 538 3958 δὲ
559 3890 614 3956 καί
635 3883 696 3968 τοὶς
721 3883 906 3977 συναγωγὰς
926 3885 1033 3958 αὐτῶν
1059 3893 1123 3960 τοῖν
1144 3889 1322 3982 εἰρημένων

227 4047 513 4069 ψ

240 4149 272 4214 1)
291 4151 331 4200 [te
349 4150 399 4201 irae
416 4164 485 4202 roes
503 4154 586 4214 poteo
603 4149 703 4214 aliqnlrl
720 4149 843 4202 tietnrns
860 4162 928 4204 ιιι.
