3124 4918
556 1599 949 1689 PRAEFATIO.

224 2199 394 2326 [legenti
419 2239 494 2304 mihi
517 2259 581 2304 non
606 2239 678 2303 sino
696 2257 814 2326 megna
831 2239 924 2304 animi
943 2237 1158 2305 delectatione
1179 2249 1214 2305 et
1237 2262 1317 2326 per-

223 2390 373 2457 tractanti
397 2387 587 2452 Aristotelis
621 2387 746 2470 scripta
781 2387 896 2453 abhinc
920 2407 1023 2453 anuos
1049 2397 1118 2454 tres
1144 2388 1177 2454 id
1201 2389 1320 2457 cecidit

223 2548 479 2625 peropportune,
515 2548 551 2603 ut
582 2538 615 2602 in
646 2537 822 2602 Academia
859 2535 1017 2600 Rhenana
1054 2536 1136 2600 haec
1174 2537 1215 2601 dc
1245 2537 1319 2602 olus

224 2690 369 2755 Politicis
407 2699 642 2774 proponeretur
679 2690 872 2774 disputatio:
941 2689 1114 2775 „Quonam
1150 2692 1319 2775 proposito

224 2841 425 2906 Aristoteles
452 2840 494 2904 ad
519 2839 667 2923 politices
688 2838 888 2922 disciplinam
903 2839 1103 2905 tractandam
1117 2845 1318 2929 accesserit3

224 2995 478 3070 susceptumque
513 2986 683 3049 consilium
714 3005 780 3068 qna
812 2987 936 3050 ratione
971 2987 1004 3050 in
1037 2990 1087 3052 eis
1113 3005 1196 3070 quos
1222 2990 1320 3054 hodie
1399 3051 1403 3056 .

224 3135 363 3222 legimus
388 3133 593 3198 Politicorum
621 3131 710 3196 libris
734 3139 931 3216 persecutus
959 3133 1015 3222 sit,
1040 3135 1087 3202 ita
1111 3136 1318 3222 disquiratur,

224 3293 262 3349 ut
295 3303 378 3367 quac
409 3295 485 3352 sunt
517 3284 558 3350 de
583 3284 786 3371 singulorum
813 3295 848 3352 et
872 3287 1021 3354 librorum
1047 3298 1080 3355 ot
1102 3289 1241 3372 capitum
1267 3291 1319 3354 in-

225 3441 402 3523 tegritate,
439 3437 551 3501 ordine
576 3443 609 3501 et
633 3435 847 3520 dispositione
872 3440 1123 3521 coutroversiae,
1150 3439 1320 3522 pensitatis

223 3589 264 3651 ab
291 3595 428 3670 utraque
452 3594 546 3670 parte
567 3583 764 3670 rationibus,
797 3585 1024 3669 exploretur.“
1074 3585 1185 3652 Medio
1210 3597 1322 3654 autem

226 3755 339 3800 mense
382 3738 489 3820 Aprili
530 3735 572 3801 A.
609 3732 994 3823 clolocccxnvnt,
1037 3747 1209 3821 postquam
1238 3736 1322 3804 scri-

226 3882 419 3961 ptionculam
446 3905 546 3953 meam
562 3886 687 3970 perfeci
712 3839 747 3950 et
771 3884 802 3974 §.
830 3882 934 3972 §ild
963 3885 1155 3970 transcripsi
1171 3885 1235 3951 iam
1253 3895 1322 3954 tum

225 4033 259 4095 in
272 4036 406 4101 mundus
422 4039 582 4124 paginas:
608 4061 629 4106 e
645 4048 860 4124 praeceptore
880 4059 953 4105 mec
977 4041 1056 4106 Chr.
1080 4041 1167 4128 Aug.
1184 4039 1322 4106 mandis

228 4176 341 4260 philos.
369 4180 504 4250 doctore
526 4196 561 4252 et
591 4187 780 4272 professore
806 4205 837 4271 p.
860 4205 890 4250 o.
915 4186 1075 4256 benevola
1092 4205 1187 4252 mano
1212 4181 1324 4252 accedi
