3124 4918
232 503 307 567 bere
328 505 391 568 ullo
412 501 506 568 modo
526 510 643 585 potest.
678 503 763 583 Quid
784 501 892 570 enimi
910 493 1000 570 snivi
1022 505 1129 570 durius
1151 507 1276 572 tractati
1297 509 1326 572 si

229 612 315 675 beris
337 611 489 674 resistunt
516 609 556 674 ab
584 611 695 692 eisque
727 609 898 693 deliciunt,
928 630 1031 675 nonne
1057 620 1126 677 totu
1154 615 1328 678 turbabitur

229 719 431 804 respublieat
475 721 629 804 Singulae
651 719 766 783 domus
795 721 824 783 si
851 723 973 786 incuria
1000 723 1262 803 patrumfamilias
1285 725 1327 789 ad

229 834 412 911 egestatem
443 823 596 888 redactae
628 833 722 905 sunt3
756 825 867 890 fierine
899 835 1019 908 potest,
1055 837 1088 892 ut
1122 832 1327 894 necessarios

227 941 375 1014 sumptus
398 939 465 994 tota
486 931 645 994 sustineat
666 929 807 996 civitas?
848 933 934 1012 Quid
956 935 1095 1020 denique
1116 937 1239 1000 civitati
1261 947 1325 1002 tarn

228 1041 399 1102 exitiosum
420 1035 566 1100 accidere
587 1045 696 1118 potest
719 1046 848 1120 tamque
869 1041 1072 1126 pestiferum,
1102 1063 1196 1126 quam
1224 1045 1253 1107 si
1274 1065 1324 1128 ea,

228 1164 311 1229 quae
331 1146 411 1208 inter
432 1144 579 1206 maritum
601 1151 634 1206 et
655 1145 843 1229 coniugem,
865 1157 1019 1228 parentes
1048 1152 1131 1212 iuter
1152 1159 1184 1212 et
1205 1151 1325 1214 liberos

226 1261 289 1327 est,
300 1251 480 1314 coniunctio
491 1267 531 1312 ao
542 1249 748 1313 neceitudo
758 1252 850 1332 leges
860 1254 1151 1338 negligitanatura
1161 1255 1326 1323 sanciunt

308 1361 382 1423 Huc
402 1357 538 1436 accedit,
561 1357 660 1442 quod,
683 1368 716 1421 ut
738 1361 895 1423 exanimi
918 1359 1059 1442 partibus
1078 1363 1170 1426 Plato
1193 1363 1324 1428 diverse

224 1465 524 1548 rerumpublicarum
545 1481 666 1548 genera
687 1464 777 1530 duxit
798 1475 832 1530 ct
852 1468 1037 1550 explicavit,
1067 1469 1111 1531 ita
1132 1471 1325 1534 Aristotelea

225 1576 403 1638 civitatium
429 1575 521 1656 quasi
548 1559 719 1638 simulacra
746 1575 833 1636 cerni
860 1576 973 1638 statuit
1000 1577 1030 1638 in
1052 1575 1170 1640 familia
1180 1577 1219 1657 ¹).
1261 1577 1324 1640 llis

223 1683 291 1744 iere
312 1683 483 1744 rationibus
504 1681 619 1744 ductus
634 1683 838 1746 Politicnrum
863 1685 947 1747 initio
968 1687 1163 1750 Aristoteles
1183 1688 1324 1750 scribere

222 1791 283 1853 sibi
305 1791 469 1872 proposuit
485 1789 524 1852 de
538 1782 752 1869 οἰκονομικοῖς
760 1797 788 1865 ²)
805 1796 825 1858 i.
842 1814 870 1856 e.
885 1797 924 1856 de
937 1800 1067 1874 imperio
1077 1800 1324 1880 patrisfamiliae

222 1903 258 1958 e'n
273 1917 417 1970 umorem,
431 1897 557 1972 liberos,
570 1918 680 1958 eerooe
695 1905 728 1958 a!
742 1900 782 1959 de
799 1917 836 1959 re
846 1901 1006 1979 familiari
1020 1905 1323 1979 administrabant).

222 2005 314 2066 llaec
335 2001 375 2064 de
395 2001 464 2064 libri
488 2003 513 2062 l.
533 2019 606 2062 cum
629 2004 746 2064 noteris
768 2005 992 2067 coniunctione
1013 2006 1053 2069 de
1071 2008 1205 2091 eiusque
1219 2027 1320 2092 argu·

226 2110 382 2187 mentm).
423 2111 493 2171 lam
515 2107 682 2172 dicendum
704 2119 757 2172 ast

722 2343 751 2413 i.
773 2339 824 2404 20.

588 2474 627 2525 lle
644 2472 707 2526 libri
724 2475 746 2528 1.
763 2471 949 2538 dispositione.

301 2615 436 2679 Politice
458 2615 651 2678 Aristoteles
672 2619 717 2677 ita
741 2615 922 2693 exorditur,
954 2623 989 2676 ut
1009 2613 1151 2678 breviter
1174 2633 1321 2679 comme-

220 2729 340 2802 moret,
371 2722 457 2804 quod
479 2723 550 2786 lltlr.
573 2722 646 2784 Nic.
667 2723 759 2785 Vlll.
783 2722 831 2784 li.
853 2721 982 2783 uberius
1010 2721 1201 2802 explicavit,
1227 2739 1321 2786 com-

220 2828 406 2892 munitatem
425 2828 551 2893 civilem
572 2828 652 2891 alias
672 2827 843 2891 societates
864 2833 898 2888 et
919 2825 1083 2891 continere
1105 2837 1138 2892 et
1154 2847 1320 2914 superare,

220 2957 355 3022 eumque
377 2941 468 3024 quusi
490 2939 584 3002 linem
607 2937 802 3020 propositum
830 2935 949 3000 habere
976 2953 1133 3000 summum
1164 2937 1318 3004 bonorum

238 3192 267 3253 1)
285 3194 322 3246 ci.
340 3194 399 3248 lltb.
418 3193 479 3244 Nic·
497 3191 564 3242 Vlll.
583 3190 628 3242 12.
647 3189 704 3240 Pol.
721 3188 744 3240 1.

231 3285 266 3346 β)
285 3283 458 3350 Οἰκονομιοῶν
475 3283 559 3334 libros
576 3283 609 3346 ll,
626 3279 671 3344 qul
684 3279 755 3330 inter·
764 3277 921 3329 Aristotelis
932 3278 1036 3343 scripta
1049 3279 1189 3345 leguntur,
1201 3281 1319 3332 u’l'beo·

285 3375 395 3436 plrrusto
414 3370 545 3436 originem
565 3371 661 3420 ducere
678 3367 763 3432 liquet
780 3381 815 3418 ex
833 3367 986 3420 testimonio
997 3369 1148 3420 Herculani
1163 3370 1241 3419 nobis
1257 3383 1319 3420 sar-

284 3468 351 3512 vato
368 3461 525 3520 (Philodem.
540 3458 773 3510 inllerculaneus.
784 3456 888 3508 volun.
898 3459 1012 3509 to.lll.
1020 3458 1073 3508 col.
1080 3457 1141 3506 vn.
1149 3461 1177 3507 et
1184 3456 1319 3516 xxvii).

282 3553 319 3603 ot.
337 3551 450 3602 uranon
466 3551 575 3614 „iiheiu
593 3551 680 3606 blus.“
697 3554 718 3600 ι.
728 3564 753 3613 p.
762 3548 829 3599 20⁰.
848 3573 880 3586 —
898 3548 1027 3600 Getarum
1044 3549 1071 3600 ln
1089 3549 1157 3602 libro
1176 3548 1268 3612 priore
1287 3554 1317 3600 ot

284 3641 311 3692 ln
329 3641 444 3693 alterius
462 3654 521 3705 cap.
538 3642 559 3691 1.
577 3643 625 3691 vix
642 3641 785 3705 quidquam
803 3637 951 3702 reperitur,
976 3638 1041 3708 ¹quin
1058 3639 1095 3690 eit
1111 3637 1140 3688 in
1157 3637 1319 3692 Aristotelis

284 3732 386 3784 litblcie
397 3741 430 3788 ,et
447 3732 569 3786 Polltlcin
586 3738 632 3786 aut
648 3733 829 3798 significatum
847 3736 897 3784 uut
913 3732 1074 3798 expositum.
1148 3791 1151 3796 ¹

233 3830 265 3886 8)
285 3827 323 3876 De
348 3827 426 3878 verbl
452 3822 606 3892 οἰκονομικός
632 3825 828 3890 significatione
854 3826 891 3874 ct.
915 3824 972 3877 l‘ol.
998 3818 1318 3878 111.u.:‘1=lttrtmer

281 3913 349 3986 ἆρχιί
366 3920 409 3970 καὶ
424 3914 536 3986 γυναικός
554 3919 596 3966 καὶ
612 3919 654 3985 τῆς
670 3914 747 3973 οἰκίας
763 3911 849 3979 πάσης,
867 3909 896 3972 ἣν
914 3910 945 3979 δὴ
963 3916 1088 3981 καλοῦμεν
1104 3911 1275 3982 οἰκονομικήν.

235 4011 376 4086 Ι4),1ιοιιιιι,
395 4010 555 4076 Spengelius
579 4009 680 4068 weber
698 4009 739 4058 dia
762 4006 822 4057 l’nl.
845 4008 892 4056 das
916 4007 999 4058 Arist.
1023 4021 1047 4072 p.
1066 4010 1123 4068 θ.)ι
1148 4009 1221 4072 „ltus
1244 4011 1319 4058 erate

282 4107 357 4156 Buolr
374 4104 479 4159 entbilt
496 4105 652 4166 (monach)
671 4104 759 4156 nlnttr
775 4104 820 4156 ale
837 4103 881 4158 dle
898 4102 1043 4170 οἰκονομικοὶ
1064 4106 1107 4158 als
1117 4093 1319 4170 'uenergaege-

285 4196 374 4261 puero
390 4209 443 4250 eur
459 4197 588 4249 nouerca
632 4177 634 4184 ’
