<?xml version="1.0" encoding="UTF-8"?>
<!DOCTYPE html PUBLIC "-//W3C//DTD XHTML 1.0 Transitional//EN"
    "http://www.w3.org/TR/xhtml1/DTD/xhtml1-transitional.dtd">
<html xmlns="http://www.w3.org/1999/xhtml" xml:lang="en" lang="en">
 <head>
  <title>
</title>
<meta http-equiv="Content-Type" content="text/html;charset=utf-8" />
  <meta name='ocr-system' content='tesseract 3.04.00' />
  <meta name='ocr-capabilities' content='ocr_page ocr_carea ocr_par ocr_line ocrx_word'/>
</head>
<body>
  <div class='ocr_page' id='page_1' title='image "./dearistotelispo01nickgoog_0142.png"; bbox 0 0 3118 4914; ppageno 0'>
   <div class='ocr_carea' id='block_1_1' title="bbox 650 337 878 401">
    <p class='ocr_par' dir='ltr' id='par_1_1' title="bbox 650 337 878 401">
     <span class='ocr_line' id='line_1_1' title="bbox 650 337 878 401; baseline 0 -1"><span class='ocrx_word' id='word_1_1' title='bbox 650 337 878 401; x_wconf 82' lang='lat' dir='ltr'><strong>-tat-</strong></span> 
     </span>
    </p>
   </div>
   <div class='ocr_carea' id='block_1_2' title="bbox 276 519 1302 622">
    <p class='ocr_par' dir='ltr' id='par_1_2' title="bbox 276 519 1302 622">
     <span class='ocr_line' id='line_1_2' title="bbox 276 519 1302 622; baseline -0.002 -40"><span class='ocrx_word' id='word_1_2' title='bbox 276 523 300 582; x_wconf 91' lang='grc' dir='ltr'><strong>Ι.</strong></span> <span class='ocrx_word' id='word_1_3' title='bbox 322 519 537 586; x_wconf 79' lang='lat' dir='ltr'><strong>Assauarovit</strong></span> <span class='ocrx_word' id='word_1_4' title='bbox 556 520 652 622; x_wconf 77' lang='lat' dir='ltr'><strong>igitur</strong></span> <span class='ocrx_word' id='word_1_5' title='bbox 666 520 874 604; x_wconf 74' lang='lat' dir='ltr'><strong>oonnngtus,</strong></span> <span class='ocrx_word' id='word_1_6' title='bbox 885 527 978 604; x_wconf 83' lang='lat' dir='ltr'><strong>qu&#39;om</strong></span> <span class='ocrx_word' id='word_1_7' title='bbox 1001 519 1042 584; x_wconf 89' lang='lat' dir='ltr'><strong>iiii</strong></span> <span class='ocrx_word' id='word_1_8' title='bbox 1057 519 1182 601; x_wconf 83' lang='lat' dir='ltr'><strong>quidem</strong></span> <span class='ocrx_word' id='word_1_9' title='bbox 1196 519 1302 580; x_wconf 81' lang='lat' dir='ltr'><strong>snouti</strong></span> 
     </span>
    </p>
   </div>
   <div class='ocr_carea' id='block_1_3' title="bbox 154 626 1309 4046">
    <p class='ocr_par' dir='ltr' id='par_1_3' title="bbox 154 626 1306 2321">
     <span class='ocr_line' id='line_1_3' title="bbox 205 626 1303 708; baseline -0.006 -16"><span class='ocrx_word' id='word_1_10' title='bbox 205 636 291 706; x_wconf 86' lang='lat' dir='ltr'><strong>sunt,</strong></span> <span class='ocrx_word' id='word_1_11' title='bbox 312 639 386 690; x_wconf 88' lang='lat' dir='ltr'><strong>anto</strong></span> <span class='ocrx_word' id='word_1_12' title='bbox 406 646 475 708; x_wconf 79' lang='grc' dir='ltr'><strong><em>οορ.</em></strong></span> <span class='ocrx_word' id='word_1_13' title='bbox 498 627 588 691; x_wconf 90' lang='lat' dir='ltr'><strong>Viil.</strong></span> <span class='ocrx_word' id='word_1_14' title='bbox 609 627 710 689; x_wconf 86' lang='lat' dir='ltr'><strong>inissa</strong></span> <span class='ocrx_word' id='word_1_15' title='bbox 731 626 899 689; x_wconf 76' lang='lat' dir='ltr'><strong>dicentium</strong></span> <span class='ocrx_word' id='word_1_16' title='bbox 922 626 964 689; x_wconf 80' lang='lat' dir='ltr'><strong>da·</strong></span> <span class='ocrx_word' id='word_1_17' title='bbox 986 626 1223 689; x_wconf 67' lang='lat' dir='ltr'><strong>constituendis</strong></span> <span class='ocrx_word' id='word_1_18' title='bbox 1240 644 1303 688; x_wconf 93' lang='grc' dir='ltr'><strong>πο-</strong></span> 
     </span>
     <span class='ocr_line' id='line_1_4' title="bbox 205 721 1301 816; baseline -0.001 -23"><span class='ocrx_word' id='word_1_19' title='bbox 205 726 351 809; x_wconf 85' lang='grc' dir='ltr'><strong><em>λιτείαις,</em></strong></span> <span class='ocrx_word' id='word_1_20' title='bbox 371 721 644 816; x_wconf 84' lang='grc' dir='ltr'><strong><em>ἀριστοκρατίαις,</em></strong></span> <span class='ocrx_word' id='word_1_21' title='bbox 655 732 792 794; x_wconf 76' lang='lat' dir='ltr'><strong>fortasse</strong></span> <span class='ocrx_word' id='word_1_22' title='bbox 813 731 965 794; x_wconf 80' lang='lat' dir='ltr'><strong>otiante</strong></span> <span class='ocrx_word' id='word_1_23' title='bbox 985 725 1216 815; x_wconf 69' lang='grc' dir='ltr'><strong><em>μοναρχίαιςῑ).</em></strong></span> <span class='ocrx_word' id='word_1_24' title='bbox 1239 731 1301 793; x_wconf 86' lang='lat' dir='ltr'><strong>Cui</strong></span> 
     </span>
     <span class='ocr_line' id='line_1_5' title="bbox 203 843 1302 928; baseline -0.002 -22"><span class='ocrx_word' id='word_1_25' title='bbox 203 856 390 928; x_wconf 79' lang='lat' dir='ltr'><strong>argumento</strong></span> <span class='ocrx_word' id='word_1_26' title='bbox 404 843 621 927; x_wconf 81' lang='lat' dir='ltr'><strong>Goattiingius</strong></span> <span class='ocrx_word' id='word_1_27' title='bbox 637 845 667 904; x_wconf 89' lang='lat' dir='ltr'><strong>in</strong></span> <span class='ocrx_word' id='word_1_28' title='bbox 683 843 783 924; x_wconf 82' lang='lat' dir='ltr'><strong>prasi.</strong></span> <span class='ocrx_word' id='word_1_29' title='bbox 793 843 941 924; x_wconf 81' lang='lat' dir='ltr'><strong>p.xxv.</strong></span> <span class='ocrx_word' id='word_1_30' title='bbox 961 845 1124 924; x_wconf 85' lang='lat' dir='ltr'><strong>opposuit:</strong></span> <span class='ocrx_word' id='word_1_31' title='bbox 1142 844 1302 904; x_wconf 73' lang='lat' dir='ltr'><strong>„Primum</strong></span> 
     </span>
     <span class='ocr_line' id='line_1_6' title="bbox 206 948 1303 1032; baseline -0.003 -19"><span class='ocrx_word' id='word_1_32' title='bbox 206 955 323 1026; x_wconf 85' lang='lat' dir='ltr'><strong>(onim)</strong></span> <span class='ocrx_word' id='word_1_33' title='bbox 346 951 436 1032; x_wconf 84' lang='lat' dir='ltr'><strong>regni</strong></span> <span class='ocrx_word' id='word_1_34' title='bbox 458 951 582 1011; x_wconf 81' lang='lat' dir='ltr'><strong>unicum</strong></span> <span class='ocrx_word' id='word_1_35' title='bbox 607 957 656 1010; x_wconf 83' lang='lat' dir='ltr'><strong>ast</strong></span> <span class='ocrx_word' id='word_1_36' title='bbox 678 967 783 1031; x_wconf 82' lang='lat' dir='ltr'><strong>genus</strong></span> <span class='ocrx_word' id='word_1_37' title='bbox 808 948 848 1010; x_wconf 86' lang='lat' dir='ltr'><strong>do</strong></span> <span class='ocrx_word' id='word_1_38' title='bbox 869 967 931 1030; x_wconf 88' lang='lat' dir='ltr'><strong>quo</strong></span> <span class='ocrx_word' id='word_1_39' title='bbox 953 951 1130 1031; x_wconf 77' lang='lat' dir='ltr'><strong>expositum</strong></span> <span class='ocrx_word' id='word_1_40' title='bbox 1154 953 1184 1011; x_wconf 94' lang='lat' dir='ltr'><strong>in</strong></span> <span class='ocrx_word' id='word_1_41' title='bbox 1208 959 1303 1010; x_wconf 83' lang='lat' dir='ltr'><strong>auta-</strong></span> 
     </span>
     <span class='ocr_line' id='line_1_7' title="bbox 207 1055 1304 1138; baseline -0.006 -14"><span class='ocrx_word' id='word_1_42' title='bbox 207 1059 397 1124; x_wconf 78' lang='lat' dir='ltr'>cedentibus</span> <span class='ocrx_word' id='word_1_43' title='bbox 419 1065 506 1138; x_wconf 78' lang='lat' dir='ltr'><strong>srat,</strong></span> <span class='ocrx_word' id='word_1_44' title='bbox 533 1055 649 1119; x_wconf 85' lang='lat' dir='ltr'><strong>doinda</strong></span> <span class='ocrx_word' id='word_1_45' title='bbox 676 1074 772 1137; x_wconf 87' lang='lat' dir='ltr'><strong>quum</strong></span> <span class='ocrx_word' id='word_1_46' title='bbox 796 1055 836 1118; x_wconf 86' lang='lat' dir='ltr'><strong>do</strong></span> <span class='ocrx_word' id='word_1_47' title='bbox 858 1056 965 1119; x_wconf 79' lang='lat' dir='ltr'><strong>mixtis</strong></span> <span class='ocrx_word' id='word_1_48' title='bbox 987 1055 1247 1120; x_wconf 81' lang='lat' dir='ltr'><strong>democratiarnm</strong></span> <span class='ocrx_word' id='word_1_49' title='bbox 1270 1064 1304 1118; x_wconf 80' lang='lat' dir='ltr'><strong>at</strong></span> 
     </span>
     <span class='ocr_line' id='line_1_8' title="bbox 205 1144 1303 1249; baseline -0.005 -21"><span class='ocrx_word' id='word_1_50' title='bbox 205 1165 449 1249; x_wconf 82' lang='lat' dir='ltr'><strong>otigarohiarum</strong></span> <span class='ocrx_word' id='word_1_51' title='bbox 479 1162 709 1242; x_wconf 83' lang='lat' dir='ltr'><strong>rebuspubiiois</strong></span> <span class='ocrx_word' id='word_1_52' title='bbox 736 1162 838 1224; x_wconf 80' lang='lat' dir='ltr'><strong>verba</strong></span> <span class='ocrx_word' id='word_1_53' title='bbox 864 1162 961 1242; x_wconf 86' lang='lat' dir='ltr'><strong>flunt,</strong></span> <span class='ocrx_word' id='word_1_54' title='bbox 985 1164 1024 1224; x_wconf 86' lang='lat' dir='ltr'><strong>ab</strong></span> <span class='ocrx_word' id='word_1_55' title='bbox 1043 1144 1217 1224; x_wconf 76' lang='lat' dir='ltr'><strong>Aristotele</strong></span> <span class='ocrx_word' id='word_1_56' title='bbox 1238 1164 1303 1226; x_wconf 78' lang='lat' dir='ltr'><strong>ari-</strong></span> 
     </span>
     <span class='ocr_line' id='line_1_9' title="bbox 205 1268 1303 1350; baseline -0.004 -16"><span class='ocrx_word' id='word_1_57' title='bbox 205 1271 428 1334; x_wconf 82' lang='lat' dir='ltr'><strong>stooratiauum</strong></span> <span class='ocrx_word' id='word_1_58' title='bbox 450 1286 489 1331; x_wconf 88' lang='lat' dir='ltr'><strong>ao</strong></span> <span class='ocrx_word' id='word_1_59' title='bbox 509 1268 687 1349; x_wconf 81' lang='lat' dir='ltr'><strong>potitiorum</strong></span> <span class='ocrx_word' id='word_1_60' title='bbox 701 1286 823 1349; x_wconf 84' lang='lat' dir='ltr'><strong>gonara</strong></span> <span class='ocrx_word' id='word_1_61' title='bbox 846 1287 885 1330; x_wconf 81' lang='lat' dir='ltr'><strong>aa</strong></span> <span class='ocrx_word' id='word_1_62' title='bbox 906 1269 1048 1331; x_wconf 81' lang='lat' dir='ltr'><strong>orations</strong></span> <span class='ocrx_word' id='word_1_63' title='bbox 1071 1289 1133 1332; x_wconf 89' lang='lat' dir='ltr'><strong>uua</strong></span> <span class='ocrx_word' id='word_1_64' title='bbox 1154 1271 1303 1350; x_wconf 76' lang='lat' dir='ltr'><strong>compro-</strong></span> 
     </span>
     <span class='ocr_line' id='line_1_10' title="bbox 205 1371 1302 1458; baseline -0.002 -20"><span class='ocrx_word' id='word_1_65' title='bbox 205 1371 412 1440; x_wconf 84' lang='lat' dir='ltr'><strong>houtiuutur”.</strong></span> <span class='ocrx_word' id='word_1_66' title='bbox 466 1373 558 1450; x_wconf 83' lang='lat' dir='ltr'><strong>Quae</strong></span> <span class='ocrx_word' id='word_1_67' title='bbox 587 1373 686 1434; x_wconf 81' lang='lat' dir='ltr'><strong>verba</strong></span> <span class='ocrx_word' id='word_1_68' title='bbox 718 1377 845 1435; x_wconf 80' lang='lat' dir='ltr'><strong>tantuna¹</strong></span> <span class='ocrx_word' id='word_1_69' title='bbox 862 1373 974 1453; x_wconf 86' lang='lat' dir='ltr'><strong>abest,</strong></span> <span class='ocrx_word' id='word_1_70' title='bbox 997 1382 1032 1436; x_wconf 88' lang='lat' dir='ltr'><strong>ut</strong></span> <span class='ocrx_word' id='word_1_71' title='bbox 1054 1373 1302 1458; x_wconf 78' lang='lat' dir='ltr'><strong>Contingianano</strong></span> 
     </span>
     <span class='ocr_line' id='line_1_11' title="bbox 209 1485 1303 1566; baseline -0.004 -14"><span class='ocrx_word' id='word_1_72' title='bbox 209 1488 397 1552; x_wconf 71' lang='lat' dir='ltr'><strong>senteutiam</strong></span> <span class='ocrx_word' id='word_1_73' title='bbox 419 1485 577 1558; x_wconf 77' lang='lat' dir='ltr'><strong>refellant,</strong></span> <span class='ocrx_word' id='word_1_74' title='bbox 595 1494 629 1546; x_wconf 87' lang='lat' dir='ltr'><strong>ut</strong></span> <span class='ocrx_word' id='word_1_75' title='bbox 648 1503 685 1547; x_wconf 80' lang='lat' dir='ltr'><strong>ea</strong></span> <span class='ocrx_word' id='word_1_76' title='bbox 706 1485 773 1566; x_wconf 86' lang='lat' dir='ltr'><strong>ipsa</strong></span> <span class='ocrx_word' id='word_1_77' title='bbox 790 1485 964 1548; x_wconf 75' lang='lat' dir='ltr'><strong>reieiiendn</strong></span> <span class='ocrx_word' id='word_1_78' title='bbox 981 1487 1043 1548; x_wconf 86' lang='lat' dir='ltr'><strong>sint</strong></span> <span class='ocrx_word' id='word_1_79' title='bbox 1063 1507 1102 1550; x_wconf 88' lang='lat' dir='ltr'><strong>so</strong></span> <span class='ocrx_word' id='word_1_80' title='bbox 1124 1487 1303 1551; x_wconf 83' lang='lat' dir='ltr'><strong>roiioienda.</strong></span> 
     </span>
     <span class='ocr_line' id='line_1_12' title="bbox 208 1593 1303 1676; baseline -0.002 -18"><span class='ocrx_word' id='word_1_81' title='bbox 208 1595 275 1658; x_wconf 86' lang='lat' dir='ltr'><strong>Sed</strong></span> <span class='ocrx_word' id='word_1_82' title='bbox 299 1595 381 1656; x_wconf 82' lang='lat' dir='ltr'><strong>hana</strong></span> <span class='ocrx_word' id='word_1_83' title='bbox 403 1613 467 1655; x_wconf 79' lang='lat' dir='ltr'><strong>ram</strong></span> <span class='ocrx_word' id='word_1_84' title='bbox 489 1596 789 1674; x_wconf 80' lang='lat' dir='ltr'><strong>praetermittamus.</strong></span> <span class='ocrx_word' id='word_1_85' title='bbox 838 1593 1044 1655; x_wconf 78' lang='lat' dir='ltr'><strong>Accedamus</strong></span> <span class='ocrx_word' id='word_1_86' title='bbox 1069 1595 1109 1656; x_wconf 82' lang='lat' dir='ltr'><strong>ad</strong></span> <span class='ocrx_word' id='word_1_87' title='bbox 1140 1597 1303 1676; x_wconf 83' lang='lat' dir='ltr'><strong>pensitan-</strong></span> 
     </span>
     <span class='ocr_line' id='line_1_13' title="bbox 206 1701 1304 1786; baseline -0.004 -18"><span class='ocrx_word' id='word_1_88' title='bbox 206 1705 278 1768; x_wconf 83' lang='lat' dir='ltr'><strong>dam</strong></span> <span class='ocrx_word' id='word_1_89' title='bbox 307 1705 495 1764; x_wconf 86' lang='lat' dir='ltr'><strong>senteutiam</strong></span> <span class='ocrx_word' id='word_1_90' title='bbox 528 1701 701 1782; x_wconf 70' lang='lat' dir='ltr'><strong>conringii.</strong></span> <span class='ocrx_word' id='word_1_91' title='bbox 755 1703 893 1764; x_wconf 86' lang='lat' dir='ltr'><strong>Primum</strong></span> <span class='ocrx_word' id='word_1_92' title='bbox 923 1707 1021 1786; x_wconf 86' lang='lat' dir='ltr'><strong>igitur</strong></span> <span class='ocrx_word' id='word_1_93' title='bbox 1047 1713 1097 1766; x_wconf 84' lang='lat' dir='ltr'><strong>ost</strong></span> <span class='ocrx_word' id='word_1_94' title='bbox 1119 1705 1158 1767; x_wconf 83' lang='lat' dir='ltr'><strong>da</strong></span> <span class='ocrx_word' id='word_1_95' title='bbox 1180 1707 1304 1768; x_wconf 81' lang='lat' dir='ltr'><strong>cousti-</strong></span> 
     </span>
     <span class='ocr_line' id='line_1_14' title="bbox 207 1803 1303 1893; baseline 0 -19"><span class='ocrx_word' id='word_1_96' title='bbox 207 1810 323 1874; x_wconf 84' lang='lat' dir='ltr'><strong>tuanda</strong></span> <span class='ocrx_word' id='word_1_97' title='bbox 345 1803 498 1891; x_wconf 79' lang='grc' dir='ltr'><strong><em>πολιτείᾳ</em></strong></span> <span class='ocrx_word' id='word_1_98' title='bbox 519 1816 594 1871; x_wconf 81' lang='lat' dir='ltr'><strong>aute</strong></span> <span class='ocrx_word' id='word_1_99' title='bbox 613 1809 807 1891; x_wconf 79' lang='lat' dir='ltr'><strong>disputatum</strong></span> <span class='ocrx_word' id='word_1_100' title='bbox 831 1811 860 1871; x_wconf 88' lang='lat' dir='ltr'><strong>iu</strong></span> <span class='ocrx_word' id='word_1_101' title='bbox 884 1811 950 1872; x_wconf 83' lang='lat' dir='ltr'>libri</span> <span class='ocrx_word' id='word_1_102' title='bbox 975 1813 1031 1875; x_wconf 89' lang='lat' dir='ltr'><strong>iV.</strong></span> <span class='ocrx_word' id='word_1_103' title='bbox 1049 1831 1118 1893; x_wconf 85' lang='lat' dir='ltr'><strong>cap.</strong></span> <span class='ocrx_word' id='word_1_104' title='bbox 1135 1815 1192 1878; x_wconf 69' lang='lat' dir='ltr'><strong>tx:</strong></span> <span class='ocrx_word' id='word_1_105' title='bbox 1211 1814 1303 1875; x_wconf 89' lang='lat' dir='ltr'><strong>ouius</strong></span> 
     </span>
     <span class='ocr_line' id='line_1_15' title="bbox 205 1906 1304 2005; baseline 0.002 -25"><span class='ocrx_word' id='word_1_106' title='bbox 205 1921 306 2002; x_wconf 85' lang='lat' dir='ltr'><strong>prima</strong></span> <span class='ocrx_word' id='word_1_107' title='bbox 322 1917 448 1999; x_wconf 84' lang='lat' dir='ltr'><strong>quidam</strong></span> <span class='ocrx_word' id='word_1_108' title='bbox 462 1917 561 1979; x_wconf 85' lang='lat' dir='ltr'><strong>verba</strong></span> <span class='ocrx_word' id='word_1_109' title='bbox 577 1925 667 1978; x_wconf 88' lang='lat' dir='ltr'><strong>sunt:</strong></span> <span class='ocrx_word' id='word_1_110' title='bbox 692 1911 772 1979; x_wconf 89' lang='grc' dir='ltr'><strong><em>Τίνα</em></strong></span> <span class='ocrx_word' id='word_1_111' title='bbox 792 1913 830 1978; x_wconf 79' lang='grc' dir='ltr'><strong>δὲ</strong></span> <span class='ocrx_word' id='word_1_112' title='bbox 850 1906 974 2002; x_wconf 82' lang='grc' dir='ltr'><strong><em>τρόπον</em></strong></span> <span class='ocrx_word' id='word_1_113' title='bbox 990 1914 1111 2002; x_wconf 79' lang='grc' dir='ltr'><strong><em>γίνεται</em></strong></span> <span class='ocrx_word' id='word_1_114' title='bbox 1134 1911 1226 2004; x_wconf 84' lang='grc' dir='ltr'><strong>παρά</strong></span> <span class='ocrx_word' id='word_1_115' title='bbox 1246 1907 1304 2005; x_wconf 80' lang='grc' dir='ltr'><strong>δη-</strong></span> 
     </span>
     <span class='ocr_line' id='line_1_16' title="bbox 154 2011 1301 2116; baseline 0.002 -28"><span class='ocrx_word' id='word_1_116' title='bbox 154 2111 157 2116; x_wconf 90' lang='lat'><em>.</em></span> <span class='ocrx_word' id='word_1_117' title='bbox 204 2019 382 2111; x_wconf 84' lang='grc' dir='ltr'><strong><em>μοιιρατίαν</em></strong></span> <span class='ocrx_word' id='word_1_118' title='bbox 402 2018 457 2084; x_wconf 83' lang='grc' dir='ltr'><strong>καὶ</strong></span> <span class='ocrx_word' id='word_1_119' title='bbox 475 2011 662 2105; x_wconf 75' lang='grc' dir='ltr'><em>ὀλιγαρχίαν</em></span> <span class='ocrx_word' id='word_1_120' title='bbox 683 2012 706 2106; x_wconf 78' lang='grc' dir='ltr'><em>ἦ</em></span> <span class='ocrx_word' id='word_1_121' title='bbox 730 2019 910 2108; x_wconf 71' lang='grc' dir='ltr'><strong><em>καλουμένη</em></strong></span> <span class='ocrx_word' id='word_1_122' title='bbox 939 2022 1136 2089; x_wconf 81' lang='grc' dir='ltr'><strong><em>πολιτεία</em></strong></span> <span class='ocrx_word' id='word_1_123' title='bbox 1168 2050 1196 2089; x_wconf 87' lang='grc' dir='ltr'><strong>κ.</strong></span> <span class='ocrx_word' id='word_1_124' title='bbox 1216 2049 1245 2090; x_wconf 92' lang='grc' dir='ltr'><strong><em>τ.</em></strong></span> <span class='ocrx_word' id='word_1_125' title='bbox 1273 2025 1301 2090; x_wconf 91' lang='grc' dir='ltr'><strong>λ.</strong></span> 
     </span>
     <span class='ocr_line' id='line_1_17' title="bbox 206 2129 1306 2213; baseline 0 -14"><span class='ocrx_word' id='word_1_126' title='bbox 206 2140 280 2199; x_wconf 83' lang='lat' dir='ltr'><strong>itam</strong></span> <span class='ocrx_word' id='word_1_127' title='bbox 304 2135 333 2195; x_wconf 92' lang='lat' dir='ltr'><strong>in</strong></span> <span class='ocrx_word' id='word_1_128' title='bbox 355 2151 425 2212; x_wconf 73' lang='grc' dir='ltr'><strong><em>στρ.</em></strong></span> <span class='ocrx_word' id='word_1_129' title='bbox 453 2132 510 2195; x_wconf 84' lang='lat' dir='ltr'><strong>tv.</strong></span> <span class='ocrx_word' id='word_1_130' title='bbox 532 2130 591 2206; x_wconf 81' lang='grc' dir='ltr'><strong>(ολ</strong></span> <span class='ocrx_word' id='word_1_131' title='bbox 614 2138 643 2206; x_wconf 78' lang='grc' dir='ltr'><strong>ς.</strong></span> <span class='ocrx_word' id='word_1_132' title='bbox 665 2129 745 2209; x_wconf 59' lang='grc'><strong>56.)</strong></span> <span class='ocrx_word' id='word_1_133' title='bbox 767 2131 850 2209; x_wconf 83' lang='lat' dir='ltr'><strong>Quid</strong></span> <span class='ocrx_word' id='word_1_134' title='bbox 880 2140 932 2194; x_wconf 85' lang='lat' dir='ltr'><strong>ost</strong></span> <span class='ocrx_word' id='word_1_135' title='bbox 953 2133 1047 2213; x_wconf 83' lang='lat' dir='ltr'><strong>igitur</strong></span> <span class='ocrx_word' id='word_1_136' title='bbox 1067 2154 1121 2198; x_wconf 83' lang='lat' dir='ltr'><strong>our</strong></span> <span class='ocrx_word' id='word_1_137' title='bbox 1142 2135 1241 2198; x_wconf 79' lang='lat' dir='ltr'><strong>aitara</strong></span> <span class='ocrx_word' id='word_1_138' title='bbox 1264 2138 1306 2200; x_wconf 89' lang='lat' dir='ltr'><strong>sit</strong></span> 
     </span>
     <span class='ocr_line' id='line_1_18' title="bbox 208 2233 847 2321; baseline 0.003 -17"><span class='ocrx_word' id='word_1_139' title='bbox 208 2241 249 2304; x_wconf 84' lang='lat' dir='ltr'><strong>tio</strong></span> <span class='ocrx_word' id='word_1_140' title='bbox 269 2233 423 2321; x_wconf 80' lang='grc' dir='ltr'><strong><em>πολιτείᾳ</em></strong></span> <span class='ocrx_word' id='word_1_141' title='bbox 445 2237 591 2320; x_wconf 75' lang='lat' dir='ltr'><strong>quaestio</strong></span> <span class='ocrx_word' id='word_1_142' title='bbox 612 2239 847 2320; x_wconf 76' lang='lat' dir='ltr'><strong>susoipiendat</strong></span> 
     </span>
    </p>

    <p class='ocr_par' dir='ltr' id='par_1_4' title="bbox 202 2335 1309 4046">
     <span class='ocr_line' id='line_1_19' title="bbox 270 2335 1306 2437; baseline 0.005 -26"><span class='ocrx_word' id='word_1_143' title='bbox 270 2349 453 2431; x_wconf 80' lang='lat' dir='ltr'><strong>Disputatio</strong></span> <span class='ocrx_word' id='word_1_144' title='bbox 466 2358 571 2409; x_wconf 85' lang='lat' dir='ltr'><strong>antem</strong></span> <span class='ocrx_word' id='word_1_145' title='bbox 586 2347 626 2410; x_wconf 83' lang='lat' dir='ltr'><strong>ds</strong></span> <span class='ocrx_word' id='word_1_146' title='bbox 638 2335 903 2432; x_wconf 72' lang='grc' dir='ltr'><strong><em>ἀριστοκρατίαις</em></strong></span> <span class='ocrx_word' id='word_1_147' title='bbox 916 2351 990 2414; x_wconf 83' lang='lat' dir='ltr'><strong>itam</strong></span> <span class='ocrx_word' id='word_1_148' title='bbox 1005 2371 1074 2415; x_wconf 85' lang='lat' dir='ltr'><strong>eum</strong></span> <span class='ocrx_word' id='word_1_149' title='bbox 1087 2353 1176 2437; x_wconf 79' lang='lat' dir='ltr'><strong>fugit.</strong></span> <span class='ocrx_word' id='word_1_150' title='bbox 1188 2356 1221 2416; x_wconf 88' lang='grc' dir='ltr'><strong><em>Ν</em></strong></span> <span class='ocrx_word' id='word_1_151' title='bbox 1224 2375 1306 2437; x_wconf 84' lang='lat' dir='ltr'><strong>aqua</strong></span> 
     </span>
     <span class='ocr_line' id='line_1_20' title="bbox 206 2444 1304 2545; baseline 0.005 -25"><span class='ocrx_word' id='word_1_152' title='bbox 206 2458 287 2521; x_wconf 86' lang='lat' dir='ltr'><strong>onim</strong></span> <span class='ocrx_word' id='word_1_153' title='bbox 312 2458 352 2522; x_wconf 83' lang='lat' dir='ltr'><strong>de</strong></span> <span class='ocrx_word' id='word_1_154' title='bbox 373 2475 452 2519; x_wconf 82' lang='lat' dir='ltr'><strong>vera</strong></span> <span class='ocrx_word' id='word_1_155' title='bbox 471 2444 707 2541; x_wconf 74' lang='grc' dir='ltr'><strong><em>ἀριστοκρατίᾳ</em></strong></span> <span class='ocrx_word' id='word_1_156' title='bbox 726 2456 787 2520; x_wconf 87' lang='lat' dir='ltr'><strong>hoo</strong></span> <span class='ocrx_word' id='word_1_157' title='bbox 809 2458 880 2519; x_wconf 86' lang='lat' dir='ltr'><strong>ioao</strong></span> <span class='ocrx_word' id='word_1_158' title='bbox 902 2461 1108 2541; x_wconf 77' lang='lat' dir='ltr'><strong>cogitandum</strong></span> <span class='ocrx_word' id='word_1_159' title='bbox 1132 2472 1195 2545; x_wconf 83' lang='lat' dir='ltr'><strong>est,</strong></span> <span class='ocrx_word' id='word_1_160' title='bbox 1211 2482 1304 2544; x_wconf 84' lang='lat' dir='ltr'><strong>quum</strong></span> 
     </span>
     <span class='ocr_line' id='line_1_21' title="bbox 207 2564 1302 2649; baseline 0.002 -20"><span class='ocrx_word' id='word_1_161' title='bbox 207 2568 345 2649; x_wconf 81' lang='lat' dir='ltr'><strong>optimae</strong></span> <span class='ocrx_word' id='word_1_162' title='bbox 372 2567 413 2626; x_wconf 88' lang='lat' dir='ltr'><strong>sit</strong></span> <span class='ocrx_word' id='word_1_163' title='bbox 442 2566 586 2626; x_wconf 79' lang='lat' dir='ltr'><strong>civitatis</strong></span> <span class='ocrx_word' id='word_1_164' title='bbox 613 2564 724 2629; x_wconf 82' lang='lat' dir='ltr'><strong>forma.</strong></span> <span class='ocrx_word' id='word_1_165' title='bbox 778 2569 935 2641; x_wconf 77' lang='lat' dir='ltr'><strong>Quaestio</strong></span> <span class='ocrx_word' id='word_1_166' title='bbox 963 2585 1039 2630; x_wconf 84' lang='lat' dir='ltr'><strong>vero</strong></span> <span class='ocrx_word' id='word_1_167' title='bbox 1062 2568 1103 2630; x_wconf 83' lang='lat' dir='ltr'><strong>de</strong></span> <span class='ocrx_word' id='word_1_168' title='bbox 1127 2569 1302 2632; x_wconf 83' lang='lat' dir='ltr'><strong>ooodondis</strong></span> 
     </span>
     <span class='ocr_line' id='line_1_22' title="bbox 207 2658 1307 2758; baseline 0.005 -25"><span class='ocrx_word' id='word_1_169' title='bbox 207 2664 418 2750; x_wconf 76' lang='grc' dir='ltr'><strong><em>καλουμέναις</em></strong></span> <span class='ocrx_word' id='word_1_170' title='bbox 438 2658 703 2754; x_wconf 72' lang='grc' dir='ltr'><strong><em>ἀριστοκρατίαις</em></strong></span> <span class='ocrx_word' id='word_1_171' title='bbox 723 2687 794 2731; x_wconf 89' lang='lat' dir='ltr'><strong>oum</strong></span> <span class='ocrx_word' id='word_1_172' title='bbox 817 2689 856 2733; x_wconf 81' lang='lat' dir='ltr'><strong>ea</strong></span> <span class='ocrx_word' id='word_1_173' title='bbox 878 2673 1043 2737; x_wconf 79' lang='lat' dir='ltr'><strong>coniuncta</strong></span> <span class='ocrx_word' id='word_1_174' title='bbox 1067 2685 1137 2756; x_wconf 86' lang='lat' dir='ltr'><strong>est,</strong></span> <span class='ocrx_word' id='word_1_175' title='bbox 1161 2695 1243 2758; x_wconf 84' lang='lat' dir='ltr'><strong>quae</strong></span> <span class='ocrx_word' id='word_1_176' title='bbox 1266 2677 1307 2739; x_wconf 85' lang='lat' dir='ltr'><strong>da</strong></span> 
     </span>
     <span class='ocr_line' id='line_1_23' title="bbox 207 2772 1307 2860; baseline 0.005 -18"><span class='ocrx_word' id='word_1_177' title='bbox 207 2772 358 2860; x_wconf 80' lang='grc' dir='ltr'><strong><em>πολιτείᾳ</em></strong></span> <span class='ocrx_word' id='word_1_178' title='bbox 386 2779 480 2859; x_wconf 84' lang='lat' dir='ltr'><strong>pauiu</strong></span> <span class='ocrx_word' id='word_1_179' title='bbox 503 2786 578 2840; x_wconf 82' lang='lat' dir='ltr'><strong>anta</strong></span> <span class='ocrx_word' id='word_1_180' title='bbox 600 2789 653 2840; x_wconf 82' lang='lat' dir='ltr'><strong>ast</strong></span> <span class='ocrx_word' id='word_1_181' title='bbox 676 2787 933 2848; x_wconf 76' lang='lat' dir='ltr'><strong>commemorata.</strong></span> <span class='ocrx_word' id='word_1_182' title='bbox 988 2782 1082 2858; x_wconf 81' lang='lat' dir='ltr'><strong>Quod</strong></span> <span class='ocrx_word' id='word_1_183' title='bbox 1110 2787 1156 2845; x_wconf 87' lang='lat' dir='ltr'><strong>ita</strong></span> <span class='ocrx_word' id='word_1_184' title='bbox 1176 2803 1254 2848; x_wconf 85' lang='lat' dir='ltr'><strong>asso</strong></span> <span class='ocrx_word' id='word_1_185' title='bbox 1275 2795 1307 2848; x_wconf 84' lang='lat' dir='ltr'><strong>at</strong></span> 
     </span>
     <span class='ocr_line' id='line_1_24' title="bbox 204 2881 1305 2971; baseline 0.004 -21"><span class='ocrx_word' id='word_1_186' title='bbox 204 2907 258 2951; x_wconf 86' lang='lat' dir='ltr'><strong>res</strong></span> <span class='ocrx_word' id='word_1_187' title='bbox 279 2888 349 2969; x_wconf 81' lang='lat' dir='ltr'><strong>ipsa</strong></span> <span class='ocrx_word' id='word_1_188' title='bbox 370 2887 454 2960; x_wconf 84' lang='lat' dir='ltr'><strong>(Pol.</strong></span> <span class='ocrx_word' id='word_1_189' title='bbox 477 2886 536 2949; x_wconf 87' lang='lat' dir='ltr'><strong>tv.</strong></span> <span class='ocrx_word' id='word_1_190' title='bbox 553 2885 584 2948; x_wconf 86' lang='grc'><strong>9.</strong></span> <span class='ocrx_word' id='word_1_191' title='bbox 607 2895 640 2948; x_wconf 83' lang='lat' dir='ltr'><strong>et</strong></span> <span class='ocrx_word' id='word_1_192' title='bbox 660 2885 723 2958; x_wconf 78' lang='lat'><em>11.)</em></span> <span class='ocrx_word' id='word_1_193' title='bbox 745 2889 931 2967; x_wconf 78' lang='lat' dir='ltr'><strong>comprobat</strong></span> <span class='ocrx_word' id='word_1_194' title='bbox 952 2897 985 2951; x_wconf 86' lang='lat' dir='ltr'><strong>et</strong></span> <span class='ocrx_word' id='word_1_195' title='bbox 1004 2881 1140 2971; x_wconf 80' lang='lat' dir='ltr'><strong>scriptor</strong></span> <span class='ocrx_word' id='word_1_196' title='bbox 1162 2902 1305 2956; x_wconf 82' lang='lat' dir='ltr'><strong>testatur.</strong></span> 
     </span>
     <span class='ocr_line' id='line_1_25' title="bbox 208 2979 1307 3078; baseline 0.005 -21"><span class='ocrx_word' id='word_1_197' title='bbox 208 2995 319 3058; x_wconf 86' lang='lat' dir='ltr'><strong>Veluti</strong></span> <span class='ocrx_word' id='word_1_198' title='bbox 350 2993 407 3056; x_wconf 85' lang='lat' dir='ltr'><strong>tv.</strong></span> <span class='ocrx_word' id='word_1_199' title='bbox 435 2993 466 3054; x_wconf 86' lang='grc'><strong>9.</strong></span> <span class='ocrx_word' id='word_1_200' title='bbox 511 2985 590 3055; x_wconf 88' lang='grc' dir='ltr'><strong><em>Τίνα</em></strong></span> <span class='ocrx_word' id='word_1_201' title='bbox 612 2988 671 3072; x_wconf 80' lang='grc' dir='ltr'><strong>μὲν</strong></span> <span class='ocrx_word' id='word_1_202' title='bbox 691 2979 747 3056; x_wconf 82' lang='grc' dir='ltr'><strong>οὖν</strong></span> <span class='ocrx_word' id='word_1_203' title='bbox 765 2981 888 3078; x_wconf 87' lang='grc' dir='ltr'><strong><em>τρόπον</em></strong></span> <span class='ocrx_word' id='word_1_204' title='bbox 909 2991 964 3056; x_wconf 80' lang='grc' dir='ltr'><strong>δεῖ</strong></span> <span class='ocrx_word' id='word_1_205' title='bbox 989 2985 1187 3061; x_wconf 73' lang='grc' dir='ltr'><strong><em>καθιστάναι</em></strong></span> <span class='ocrx_word' id='word_1_206' title='bbox 1212 2998 1307 3062; x_wconf 87' lang='grc' dir='ltr'><strong><em>πολι-</em></strong></span> 
     </span>
     <span class='ocr_line' id='line_1_26' title="bbox 205 3089 1308 3192; baseline 0.006 -28"><span class='ocrx_word' id='word_1_207' title='bbox 205 3096 296 3164; x_wconf 83' lang='grc' dir='ltr'><strong><em>τείαν</em></strong></span> <span class='ocrx_word' id='word_1_208' title='bbox 317 3091 440 3182; x_wconf 81' lang='grc' dir='ltr'><strong><em>ὁμοίως</em></strong></span> <span class='ocrx_word' id='word_1_209' title='bbox 460 3096 499 3162; x_wconf 78' lang='grc' dir='ltr'><strong>δὲ</strong></span> <span class='ocrx_word' id='word_1_210' title='bbox 523 3094 578 3162; x_wconf 80' lang='grc' dir='ltr'><strong>καί</strong></span> <span class='ocrx_word' id='word_1_211' title='bbox 604 3089 665 3174; x_wconf 83' lang='grc' dir='ltr'><strong>τάς</strong></span> <span class='ocrx_word' id='word_1_212' title='bbox 691 3089 938 3182; x_wconf 80' lang='grc' dir='ltr'><strong><em>ὀνομαζομένας</em></strong></span> <span class='ocrx_word' id='word_1_213' title='bbox 957 3093 1233 3192; x_wconf 88' lang='grc' dir='ltr'><strong><em>ἀριστοκρατίας,</em></strong></span> <span class='ocrx_word' id='word_1_214' title='bbox 1254 3107 1308 3171; x_wconf 82' lang='grc' dir='ltr'><strong>νῦν</strong></span> 
     </span>
     <span class='ocr_line' id='line_1_27' title="bbox 205 3196 1307 3302; baseline 0.006 -30"><span class='ocrx_word' id='word_1_215' title='bbox 205 3206 347 3296; x_wconf 80' lang='grc' dir='ltr'><strong><em>είρηται.</em></strong></span> <span class='ocrx_word' id='word_1_216' title='bbox 366 3217 399 3270; x_wconf 84' lang='lat' dir='ltr'><strong>at</strong></span> <span class='ocrx_word' id='word_1_217' title='bbox 410 3208 468 3270; x_wconf 84' lang='lat' dir='ltr'><strong>tv.</strong></span> <span class='ocrx_word' id='word_1_218' title='bbox 481 3207 531 3269; x_wconf 82' lang='lat' dir='ltr'><strong>lt·</strong></span> <span class='ocrx_word' id='word_1_219' title='bbox 550 3201 618 3268; x_wconf 81' lang='lat' dir='ltr'><strong>Kal</strong></span> <span class='ocrx_word' id='word_1_220' title='bbox 637 3196 700 3291; x_wconf 77' lang='grc' dir='ltr'><strong>γάρ</strong></span> <span class='ocrx_word' id='word_1_221' title='bbox 722 3197 764 3280; x_wconf 81' lang='grc' dir='ltr'><strong>ἀς</strong></span> <span class='ocrx_word' id='word_1_222' title='bbox 778 3205 931 3272; x_wconf 79' lang='grc' dir='ltr'><strong><em>καλοῦσιν</em></strong></span> <span class='ocrx_word' id='word_1_223' title='bbox 945 3200 1209 3299; x_wconf 88' lang='grc' dir='ltr'><strong><em>ἀριστοκρατίας,</em></strong></span> <span class='ocrx_word' id='word_1_224' title='bbox 1228 3212 1307 3302; x_wconf 82' lang='grc' dir='ltr'><strong><em>περί</em></strong></span> 
     </span>
     <span class='ocr_line' id='line_1_28' title="bbox 204 3303 1309 3402; baseline 0.005 -20"><span class='ocrx_word' id='word_1_225' title='bbox 204 3307 249 3382; x_wconf 83' lang='grc' dir='ltr'><strong>ὦν</strong></span> <span class='ocrx_word' id='word_1_226' title='bbox 268 3310 323 3380; x_wconf 81' lang='grc' dir='ltr'><strong>νῦν</strong></span> <span class='ocrx_word' id='word_1_227' title='bbox 343 3312 480 3396; x_wconf 69' lang='lat' dir='ltr'><strong>stannea</strong></span> <span class='ocrx_word' id='word_1_228' title='bbox 503 3362 511 3392; x_wconf 93' lang='lat'><strong><em>‚</em></strong></span> <span class='ocrx_word' id='word_1_229' title='bbox 531 3303 573 3378; x_wconf 88' lang='grc' dir='ltr'><strong><em>τά</em></strong></span> <span class='ocrx_word' id='word_1_230' title='bbox 593 3310 653 3394; x_wconf 82' lang='grc' dir='ltr'><strong>μὲν</strong></span> <span class='ocrx_word' id='word_1_231' title='bbox 679 3309 828 3402; x_wconf 82' lang='grc' dir='ltr'><strong><em>ἐξωτέρω</em></strong></span> <span class='ocrx_word' id='word_1_232' title='bbox 858 3313 1019 3382; x_wconf 85' lang='grc' dir='ltr'><strong><em>πίπτουσι</em></strong></span> <span class='ocrx_word' id='word_1_233' title='bbox 1044 3325 1118 3396; x_wconf 84' lang='grc' dir='ltr'><strong><em>ταῖς</em></strong></span> <span class='ocrx_word' id='word_1_234' title='bbox 1137 3321 1309 3397; x_wconf 81' lang='grc' dir='ltr'><strong><em>πλείσταις</em></strong></span> 
     </span>
     <span class='ocr_line' id='line_1_29' title="bbox 203 3411 1307 3514; baseline 0.003 -24"><span class='ocrx_word' id='word_1_235' title='bbox 203 3422 268 3490; x_wconf 81' lang='grc' dir='ltr'><strong><em>τῶν</em></strong></span> <span class='ocrx_word' id='word_1_236' title='bbox 286 3411 415 3488; x_wconf 84' lang='grc' dir='ltr'><strong><em>πόλεων</em></strong></span> <span class='ocrx_word' id='word_1_237' title='bbox 435 3469 447 3509; x_wconf 83' lang='grc'><strong>,</strong></span> <span class='ocrx_word' id='word_1_238' title='bbox 474 3412 516 3486; x_wconf 85' lang='grc' dir='ltr'><strong><em>τά</em></strong></span> <span class='ocrx_word' id='word_1_239' title='bbox 545 3419 583 3486; x_wconf 82' lang='grc' dir='ltr'><strong>δὲ</strong></span> <span class='ocrx_word' id='word_1_240' title='bbox 609 3419 771 3506; x_wconf 79' lang='grc' dir='ltr'><strong><em>γειτνιῶσι</em></strong></span> <span class='ocrx_word' id='word_1_241' title='bbox 791 3421 832 3510; x_wconf 81' lang='grc' dir='ltr'><strong><em>τῇ</em></strong></span> <span class='ocrx_word' id='word_1_242' title='bbox 851 3423 1032 3514; x_wconf 80' lang='grc' dir='ltr'><strong><em>καλουμένῃ</em></strong></span> <span class='ocrx_word' id='word_1_243' title='bbox 1053 3425 1203 3513; x_wconf 78' lang='grc' dir='ltr'><strong><em>πολιτεία</em></strong></span> <span class='ocrx_word' id='word_1_244' title='bbox 1226 3450 1234 3466; x_wconf 90' lang='grc'><em>·</em></span> <span class='ocrx_word' id='word_1_245' title='bbox 1254 3420 1307 3494; x_wconf 74' lang='lat' dir='ltr'><strong>(ito</strong></span> 
     </span>
     <span class='ocr_line' id='line_1_30' title="bbox 206 3520 1307 3622; baseline 0.001 -23"><span class='ocrx_word' id='word_1_246' title='bbox 206 3531 286 3622; x_wconf 82' lang='grc' dir='ltr'><strong><em>περὶ</em></strong></span> <span class='ocrx_word' id='word_1_247' title='bbox 312 3523 437 3620; x_wconf 83' lang='grc' dir='ltr'><strong><em>ἀμφοῖν</em></strong></span> <span class='ocrx_word' id='word_1_248' title='bbox 463 3520 509 3606; x_wconf 77' lang='grc' dir='ltr'><strong>ἀς</strong></span> <span class='ocrx_word' id='word_1_249' title='bbox 527 3527 606 3611; x_wconf 83' lang='grc' dir='ltr'><strong>μιάς</strong></span> <span class='ocrx_word' id='word_1_250' title='bbox 625 3527 762 3594; x_wconf 79' lang='grc' dir='ltr'><strong><em>λεκτέον.</em></strong></span> <span class='ocrx_word' id='word_1_251' title='bbox 805 3521 905 3596; x_wconf 83' lang='grc' dir='ltr'><strong>Ἡδὲ</strong></span> <span class='ocrx_word' id='word_1_252' title='bbox 928 3530 1032 3619; x_wconf 89' lang='grc' dir='ltr'><strong><em>κρίσις</em></strong></span> <span class='ocrx_word' id='word_1_253' title='bbox 1055 3531 1134 3618; x_wconf 84' lang='grc' dir='ltr'><strong><em>περὶ</em></strong></span> <span class='ocrx_word' id='word_1_254' title='bbox 1153 3524 1307 3600; x_wconf 88' lang='grc' dir='ltr'><strong><em>ἀπάντων</em></strong></span> 
     </span>
     <span class='ocr_line' id='line_1_31' title="bbox 202 3627 1301 3725; baseline 0 -19"><span class='ocrx_word' id='word_1_255' title='bbox 202 3631 326 3706; x_wconf 73' lang='grc' dir='ltr'><strong><em>τούτων</em></strong></span> <span class='ocrx_word' id='word_1_256' title='bbox 346 3662 374 3702; x_wconf 88' lang='grc' dir='ltr'><strong>κ.</strong></span> <span class='ocrx_word' id='word_1_257' title='bbox 394 3660 422 3701; x_wconf 90' lang='grc' dir='ltr'><strong>τ.</strong></span> <span class='ocrx_word' id='word_1_258' title='bbox 443 3637 473 3702; x_wconf 87' lang='grc' dir='ltr'><strong><em>λ</em></strong></span> <span class='ocrx_word' id='word_1_259' title='bbox 495 3639 534 3702; x_wconf 81' lang='lat' dir='ltr'><strong>ai.</strong></span> <span class='ocrx_word' id='word_1_260' title='bbox 556 3639 623 3701; x_wconf 88' lang='lat' dir='ltr'><strong>Poi.</strong></span> <span class='ocrx_word' id='word_1_261' title='bbox 647 3639 689 3700; x_wconf 87' lang='lat' dir='ltr'><strong>V.</strong></span> <span class='ocrx_word' id='word_1_262' title='bbox 712 3640 741 3701; x_wconf 81' lang='lat'><strong>⁷.</strong></span> <span class='ocrx_word' id='word_1_263' title='bbox 769 3627 836 3712; x_wconf 86' lang='grc' dir='ltr'><strong>Τάς</strong></span> <span class='ocrx_word' id='word_1_264' title='bbox 855 3629 917 3725; x_wconf 77' lang='grc' dir='ltr'><strong>γάρ</strong></span> <span class='ocrx_word' id='word_1_265' title='bbox 938 3636 1139 3717; x_wconf 80' lang='grc' dir='ltr'><strong><em>(πολιτείας)</em></strong></span> <span class='ocrx_word' id='word_1_266' title='bbox 1158 3631 1301 3706; x_wconf 89' lang='grc' dir='ltr'><strong><em>ἀποκλι-</em></strong></span> 
     </span>
     <span class='ocr_line' id='line_1_32' title="bbox 204 3734 1304 3844; baseline 0.002 -30"><span class='ocrx_word' id='word_1_267' title='bbox 204 3737 322 3822; x_wconf 78' lang='grc' dir='ltr'><strong><em>νούσας</em></strong></span> <span class='ocrx_word' id='word_1_268' title='bbox 344 3742 467 3828; x_wconf 82' lang='grc' dir='ltr'><strong><em>μᾶλλον</em></strong></span> <span class='ocrx_word' id='word_1_269' title='bbox 488 3734 574 3831; x_wconf 78' lang='grc' dir='ltr'><strong><em>πρὸς</em></strong></span> <span class='ocrx_word' id='word_1_270' title='bbox 592 3734 650 3829; x_wconf 73' lang='grc' dir='ltr'><strong><em>τήν</em></strong></span> <span class='ocrx_word' id='word_1_271' title='bbox 668 3734 854 3830; x_wconf 73' lang='grc' dir='ltr'><strong><em>ὀλιγαρχίαν</em></strong></span> <span class='ocrx_word' id='word_1_272' title='bbox 875 3737 1127 3834; x_wconf 86' lang='grc' dir='ltr'><strong><em>ἀριστοκρατίας</em></strong></span> <span class='ocrx_word' id='word_1_273' title='bbox 1144 3747 1304 3844; x_wconf 66' lang='grc' dir='ltr'><strong><em>καλοῦσιν,</em></strong></span> 
     </span>
     <span class='ocr_line' id='line_1_33' title="bbox 207 3841 1306 3946; baseline 0.01 -31"><span class='ocrx_word' id='word_1_274' title='bbox 207 3848 267 3931; x_wconf 78' lang='grc' dir='ltr'><strong>τάς</strong></span> <span class='ocrx_word' id='word_1_275' title='bbox 287 3851 325 3919; x_wconf 81' lang='grc' dir='ltr'><strong>δὲ</strong></span> <span class='ocrx_word' id='word_1_276' title='bbox 345 3843 431 3939; x_wconf 82' lang='grc' dir='ltr'><strong>πρός</strong></span> <span class='ocrx_word' id='word_1_277' title='bbox 448 3841 486 3914; x_wconf 86' lang='grc' dir='ltr'><em>τό</em></span> <span class='ocrx_word' id='word_1_278' title='bbox 506 3847 651 3935; x_wconf 75' lang='grc' dir='ltr'><strong><em>πλῆθος,</em></strong></span> <span class='ocrx_word' id='word_1_279' title='bbox 666 3847 844 3926; x_wconf 82' lang='grc' dir='ltr'><strong><em>πολιτείας.</em></strong></span> <span class='ocrx_word' id='word_1_280' title='bbox 879 3854 1071 3940; x_wconf 75' lang='lat' dir='ltr'><strong>Contingius</strong></span> <span class='ocrx_word' id='word_1_281' title='bbox 1091 3858 1199 3941; x_wconf 83' lang='lat' dir='ltr'><strong>igitur,</strong></span> <span class='ocrx_word' id='word_1_282' title='bbox 1222 3863 1306 3946; x_wconf 89' lang='lat' dir='ltr'><strong>quod</strong></span> 
     </span>
     <span class='ocr_line' id='line_1_34' title="bbox 207 3949 1306 4046; baseline 0.003 -14"><span class='ocrx_word' id='word_1_283' title='bbox 207 3969 247 4032; x_wconf 86' lang='lat' dir='ltr'><strong>de</strong></span> <span class='ocrx_word' id='word_1_284' title='bbox 273 3959 425 4046; x_wconf 74' lang='grc' dir='ltr'><strong><em>πολιτείᾳ</em></strong></span> <span class='ocrx_word' id='word_1_285' title='bbox 451 3973 485 4026; x_wconf 82' lang='lat' dir='ltr'><strong>et</strong></span> <span class='ocrx_word' id='word_1_286' title='bbox 509 3949 745 4046; x_wconf 77' lang='grc' dir='ltr'><strong><em>ἀριστοκρατίᾳ</em></strong></span> <span class='ocrx_word' id='word_1_287' title='bbox 775 3960 942 4026; x_wconf 82' lang='lat' dir='ltr'><strong>dicendum</strong></span> <span class='ocrx_word' id='word_1_288' title='bbox 973 3964 1003 4026; x_wconf 90' lang='lat' dir='ltr'><strong>in</strong></span> <span class='ocrx_word' id='word_1_289' title='bbox 1031 3966 1109 4029; x_wconf 87' lang='lat' dir='ltr'><strong>iibro</strong></span> <span class='ocrx_word' id='word_1_290' title='bbox 1139 3968 1197 4032; x_wconf 88' lang='lat' dir='ltr'><strong>Vi.</strong></span> <span class='ocrx_word' id='word_1_291' title='bbox 1232 3990 1306 4034; x_wconf 80' lang='lat' dir='ltr'><strong>asso</strong></span> 
     </span>
    </p>
   </div>
   <div class='ocr_carea' id='block_1_4' title="bbox 219 4111 511 4125">
    <p class='ocr_par' dir='ltr' id='par_1_5' title="bbox 219 4111 511 4125">
     <span class='ocr_line' id='line_1_35' title="bbox 219 4111 511 4125; baseline 0.003 -1"><span class='ocrx_word' id='word_1_292' title='bbox 219 4111 511 4125; x_wconf 52' lang='lat' dir='ltr'><em>m</em></span> 
     </span>
    </p>
   </div>
   <div class='ocr_carea' id='block_1_5' title="bbox 226 4213 1306 4294">
    <p class='ocr_par' dir='ltr' id='par_1_6' title="bbox 226 4213 1306 4294">
     <span class='ocr_line' id='line_1_36' title="bbox 226 4213 1306 4294; baseline 0.014 -30"><span class='ocrx_word' id='word_1_293' title='bbox 226 4213 259 4281; x_wconf 81' lang='lat'><strong>1)</strong></span> <span class='ocrx_word' id='word_1_294' title='bbox 276 4217 309 4266; x_wconf 87' lang='lat' dir='ltr'><strong>ot.</strong></span> <span class='ocrx_word' id='word_1_295' title='bbox 327 4217 429 4270; x_wconf 74' lang='lat' dir='ltr'><strong>introi.</strong></span> <span class='ocrx_word' id='word_1_296' title='bbox 450 4217 508 4270; x_wconf 81' lang='lat' dir='ltr'><strong>vit.</strong></span> <span class='ocrx_word' id='word_1_297' title='bbox 527 4217 545 4282; x_wconf 73' lang='grc' dir='ltr'><strong><em>ς</em></strong></span> <span class='ocrx_word' id='word_1_298' title='bbox 564 4219 611 4274; x_wconf 81' lang='lat' dir='ltr'><strong>at.</strong></span> <span class='ocrx_word' id='word_1_299' title='bbox 629 4223 655 4271; x_wconf 79' lang='lat' dir='ltr'><strong>et</strong></span> <span class='ocrx_word' id='word_1_300' title='bbox 673 4223 874 4278; x_wconf 71' lang='lat' dir='ltr'><strong>annotationum</strong></span> <span class='ocrx_word' id='word_1_301' title='bbox 892 4228 926 4278; x_wconf 76' lang='lat' dir='ltr'><strong>ad</strong></span> <span class='ocrx_word' id='word_1_302' title='bbox 946 4226 992 4279; x_wconf 83' lang='lat' dir='ltr'><strong>Vt.</strong></span> <span class='ocrx_word' id='word_1_303' title='bbox 1010 4227 1028 4277; x_wconf 76' lang='lat' dir='ltr'><strong>t</strong></span> <span class='ocrx_word' id='word_1_304' title='bbox 1046 4227 1122 4280; x_wconf 80' lang='lat' dir='ltr'><strong>tuan</strong></span> <span class='ocrx_word' id='word_1_305' title='bbox 1140 4226 1214 4292; x_wconf 81' lang='lat' dir='ltr'><strong>(aso.</strong></span> <span class='ocrx_word' id='word_1_306' title='bbox 1229 4227 1306 4294; x_wconf 73' lang='grc' dir='ltr'><strong>ΙιΙι.)</strong></span> 
     </span>
    </p>
   </div>
   <div class='ocr_carea' id='block_1_6' title="bbox 0 0 1564 4914">
    <p class='ocr_par' dir='ltr' id='par_1_7' title="bbox 0 0 1564 4914">
     <span class='ocr_line' id='line_1_37' title="bbox 0 0 1564 4914; baseline 0 0"><span class='ocrx_word' id='word_1_307' title='bbox 0 0 1564 4914; x_wconf 95' lang='lat' dir='ltr'><strong> </strong></span> 
     </span>
    </p>
   </div>
  </div>
 </body>
</html>
