3118 4914
652 344 885 408 --ιομι

227 532 350 592 tiorem.
411 527 564 593 Eiusdem
606 538 658 591 ost
702 526 801 610 igitur
842 525 1007 591 dootrinrw
1047 526 1246 611 investigare
1295 537 1328 592 et

307 641 344 713 a)
367 637 420 720 qui
443 638 486 700 sit
507 635 698 718 reipublicae
719 642 824 698 status
847 635 984 716 optimus
999 626 1039 698 'et
1060 635 1173 718 quotis,
1194 643 1227 698 et

309 746 419 827 1))οοί
440 745 483 806 sit
506 744 546 806 ad
569 746 714 826 singulas
735 744 887 806 divitates
919 751 1013 825 aptus
1035 749 1126 816 (sunt
1147 746 1228 807 enim
1253 765 1326 809 res-

226 852 392 934 pobiieoo,
428 871 511 934 qaae
536 873 631 934 qoam
654 852 840 915 necessaria
861 844 999 936 χορηγίᾳ
1032 851 1329 936 conditionibusque

227 947 445 1032 tdoeode'oeor)
476 969 624 1036 oareont,
659 962 811 1041 optimum
841 969 959 1021 statam
983 964 1138 1041 consequi
1158 959 1328 1043 haudqua-

231 1086 327 1148 quem
354 1079 514 1149 possuotp
540 1071 594 1131 eis.
614 1087 692 1150 ergo
721 1069 1015 1132 aooommodandus
1046 1071 1166 1152 estis,
1196 1071 1249 1152 qui
1270 1059 1328 1154 pro

227 1161 430 1259 ὑπάρχουσιν
449 1185 499 1238 est
526 1177 690 1257 optimus).

318 1287 364 1359 ο.)
386 1287 452 1345 iam
481 1304 559 1347 vero
584 1285 702 1347 oivites
728 1285 757 1347 si
785 1279 923 1370 χορηγίᾳ
952 1283 1138 1348 necessarie
1165 1285 1332 1363 destituto,

228 1393 349 1474 optima
371 1392 496 1472 quidem
520 1393 621 1454 forma
642 1393 793 1454 constitui
815 1413 877 1455 non
900 1401 1019 1474 potest,
1042 1397 1319 1478 nonnunquamfit‚

232 1507 268 1562 at
288 1501 408 1566 reieota
434 1520 473 1563 ee
486 1515 547 1581 qua
562 1501 608 1561 ati
622 1499 738 1581 possit,
760 1497 948 1560 deteriorem
964 1499 1025 1560 sibi
1040 1508 1191 1562 assumat
1222 1499 1330 1578 Quare

231 1606 314 1670 Meo
336 1607 461 1690 quidem
483 1609 584 1670 forma
606 1607 742 1670 deterior
772 1604 930 1689 quomodo
952 1613 984 1668 et
1005 1607 1122 1669 orietur
1142 1608 1183 1670 ab
1204 1608 1291 1671 initio
1304 1612 1330 1680 ¹)

227 1722 265 1776 et
281 1725 487 1797 propagetur,
510 1716 677 1779 sorentum
700 1725 751 1779 est
771 1709 937 1795 πολιτικῷ.

312 1822 358 1897 d.)
393 1825 512 1906 Neque
547 1845 625 1888 vero
667 1827 719 1906 qai
755 1833 806 1886 est
848 1843 951 1885 rerum
990 1822 1131 1884 civilium
1162 1822 1330 1888 studiosus

227 1929 400 2012 ignoreffit,
420 1930 546 2011 quinem
569 1938 677 1994 status
708 1929 869 2011 plerisque
896 1927 939 1988 sit
971 1925 1154 1988 oivitetibus
1181 1931 1322 1993 maximo

310 2148 360 2220 o.)-
379 2139 634 2205 commutandus
647 2148 698 2202 est
714 2148 823 2204 eutem·
841 2148 945 2203 status
957 2139 1094 2203 deterior
1109 2140 1140 2202 in
1156 2139 1329 2221 meliorem,

226 2255 291 2327 (o.)
312 2253 357 2316 ito
378 2261 486 2315 temen
509 2261 545 2314 at
566 2253 635 2316 eius
657 2252 831 2314 retineatur
860 2251 972 2314 forme.
1016 2250 1110 2330 Quod
1132 2269 1227 2332 quum
1251 2251 1331 2314 etis·

229 2377 310 2423 esre
329 2379 421 2422 nemo
443 2361 559 2441 possit,
581 2357 642 2422 nisi
664 2361 864 2441 expieretum
889 2359 1026 2442 hebeat,
1060 2369 1138 2443 quot
1158 2360 1222 2421 aiot
1251 2378 1331 2441 spe·

231 2470 300 2531 oies
319 2469 617 2549 rerumpubiioarum
641 2477 674 2530 et
702 2470 831 2550 quales:
864 2467 1094 2532 enuoieorrdum
1117 2476 1180 2548 est,
1204 2477 1237 2531 et
1257 2476 1334 2550 quot

231 2576 297 2636 sint
314 2570 536 2659 δημοκρατίας
558 2583 591 2636 et
612 2562 801 2660 ὀλιγαρχίας
822 2575 970 2656 speeies,
1002 2575 1168 2656 atquibus
1190 2575 1272 2638 inter
1294 2594 1333 2640 se

232 2683 408 2744 rationibus
431 2681 588 2744 different.

315 2789 353 2862 fi)
377 2789 523 2868 Denique
544 2787 630 2872 qood
651 2787 692 2850 de
713 2788 886 2852 eivitatium
908 2788 1017 2852 sororis
1040 2789 1156 2854 dietum
1173 2789 1331 2871 est,idem

230 2895 274 2959 ad
295 2897 388 2980 ieges
412 2896 505 2959 etiam
525 2897 671 2980 pertinet.
714 2897 825 2980 Leges
847 2897 929 2959 onim
950 2913 1032 2958 eaeo
1064 2899 1180 2981 ouiqae
1202 2898 1289 2979 reipo
1305 2929 1326 2947 -

231 3007 336 3070 otone
355 3007 453 3069 stetui
474 3005 766 3074 eoeomrnodandae
781 3013 866 3067 sunt.
910 3004 1018 3083 Quare
1040 3013 1089 3068 tot
1121 3008 1240 3089 legum,
1258 3013 1334 3090 quot

229 3113 533 3196 rerumpubiioarum
556 3113 790 3194 discrepantiae
812 3111 901 3191 (Pol.
922 3114 981 3175 1v.
1005 3113 1060 3188 i.).

315 3222 387 3284 laoo
402 3237 483 3280 vero
502 3217 543 3280 de
564 3219 686 3300 optimo
704 3217 883 3298 repabiiea,
922 3217 1007 3300 quod
1038 3237 1168 3300 regnum
1198 3227 1250 3284 est
1276 3227 1332 3281 aut

101 3375 102 3378 ,
228 3311 474 3410 ἀριστοκρατία,
488 3341 582 3405 quam
592 3323 784 3406 disputetum
798 3327 857 3388 sit:
869 3326 1023 3422 reliquum
1034 3336 1097 3406 est,
1110 3334 1143 3388 ut
1164 3325 1205 3389 de
1217 3327 1333 3388 eeteria

231 3430 355 3496 dioetur
377 3431 568 3512 reipublicae
598 3433 769 3514 generibus
789 3441 955 3515 quattuor,
986 3431 1027 3494 de
1055 3433 1188 3514 imperio
1214 3430 1331 3512 popuii,

232 3541 375 3625 tyranni„
393 3539 552 3622 iaetiorris,
576 3527 693 3624 δήμου.
715 3543 765 3604 De
785 3537 1334 3624 pribusqaoerododissereroooe-

249 3820 284 3887 1)
300 3821 393 3872 Verba
410 3820 436 3881 ἒξ
452 3818 528 3890 ἇρχῆς
546 3840 575 3872 re
591 3825 644 3880 πῶς
662 3819 694 3872 ἂν
710 3824 807 3891 γίνοιτο
823 3823 864 3872 καὶ
880 3821 1003 3887 γενομένη
1019 3821 1078 3870 τίνα
1104 3815 1199 3887 τρόπον
1223 3816 1255 3870 ἂν
1277 3817 1330 3870 σοί-

299 3913 365 3973 ζοιτο
381 3914 501 3964 πλεῖστον
519 3909 614 3982 χρόνον
631 3926 686 3963 non
703 3913 777 3964 iuste
794 3911 825 3964 de
844 3923 930 3963 oaase
948 3911 1092 3962 offensioni
1110 3911 1194 3963 tuisse
1212 3911 1336 3964 videntur

300 4003 457 4069 smalto.
490 4003 778 4068 contemnamur,
796 4015 863 4072 qaae
880 4015 965 4066 sopra
981 4002 1069 4068 posita
1086 4006 1153 4056 suot
1167 3997 1232 4054 Ἔτι
1248 4001 1272 4054 δ’
1289 4001 1335 4054 ta'r

298 4116 334 4155 τις
351 4091 387 4164 pp*
404 4100 444 4164 τῆς
461 4095 763 4166 ίανοομίνηοὲηθυριῇμ.
775 4131 808 4151 ,1.
826 4129 862 4158 .,.
879 4130 914 4156 ..
936 4093 1119 4166 παρασιαοίοαι
1137 4113 1165 4146 rr
1182 4095 1225 4148 eoi
1239 4090 1331 4160 rodopa

299 4185 354 4242 doti
372 4187 417 4256 nir
434 4177 551 4256 διίκαχον.
