3124 4918
211 477 254 540 sit
273 467 477 559 βασιλευτός,
493 483 596 564 qualis
616 469 897 566 ἀριστοκρατικός,
915 483 1018 565 quelle
1032 470 1210 557 πολιτικός.
1232 484 1311 544 Βα-

212 575 404 648 σιλευτόν
424 593 522 666 ipitur
543 609 614 652 eum
636 610 708 652 esee
719 592 882 668 populum,
899 595 954 652 cui
972 599 1092 654 notura
1114 595 1314 670 inponereoit

209 684 804 782 pentemvirtuteproeotontemnpcg
824 684 1053 780 ἠγεμονίαν
1072 684 1312 780 πολιτικήν,·

210 789 569 886 ἀριστοκρατικόν
597 811 702 864 eutem
730 824 801 865 eum
830 806 984 882 populum
1011 809 1068 884 qui
1088 807 1208 868 notorii
1223 809 1313 882 ferat

211 911 326 969 civium
354 908 585 970 multitudinem
616 901 804 993 (πλῆθος),
836 914 894 990 qui
922 911 1014 992 liberi
1040 913 1182 992 quidem,
1206 918 1314 972 tumere

210 1034 328 1093 parere
346 1019 475 1093 possint
494 1020 549 1090 eie,
562 995 630 1096 ‘qui
649 1020 765 1078 virtute
792 1020 860 1078 sint
883 1020 1049 1096 principes
1068 1004 1177 1101 πρός
1196 1011 1314 1076 πολι-

213 1110 329 1204 τικήν
349 1107 495 1206 ἆρχήνς
516 1111 736 1186 πολιτικόν
766 1144 839 1185 cero
867 1143 938 1188 eum
966 1145 1037 1188 eece
1064 1126 1235 1204 populum,
1257 1127 1316 1186 cui

214 1236 333 1291 notura
359 1234 438 1292 lusit
463 1232 612 1294 militarie
642 1241 675 1295 et
702 1233 853 1294 bellicosa
884 1234 1050 1296 multitudo
1080 1240 1126 1295 r'to
1149 1239 1314 1312 peueruta,

217 1341 256 1396 ut
272 1339 378 1414 poerit
404 1343 471 1398 tum
500 1357 617 1416 parere
643 1344 710 1400 tum
738 1342 895 1416 imperare
916 1341 1092 1400 secundum
1113 1357 1183 1400 eum
1204 1339 1314 1416 leem,

214 1465 298 1528 quoe
325 1451 461 1526 copiosis
489 1451 623 1526 imperio
645 1469 705 1527 pro
734 1451 888 1526 deportate
917 1450 1094 1510 terrebunt.
1146 1447 1185 1511 St
1217 1452 1316 1526 lquor

220 1573 287 1616 uuo
305 1573 386 1634 pene
407 1557 574 1618 euthorico
595 1577 682 1620 unus
703 1561 819 1619 virtute
840 1563 964 1618 tontum
991 1561 1153 1633 praestet,
1181 1561 1218 1616 ut
1247 1557 1317 1616 eius

214 1662 313 1720 ouius
335 1664 437 1722 virtue
464 1663 601 1723 eliorum
623 1666 770 1724 virtutem
791 1639 900 1722 vincet
921 1667 1078 1735 omnium,
1108 1664 1228 1722 ioelum
1255 1665 1318 1738 eet,

219 1767 277 1828 uta
295 1787 379 1844 peno
398 1774 437 1830 ut
454 1772 500 1830 er't
518 1769 639 1848 repelle
658 1774 860 1849 omniumque
878 1775 1002 1848 potem,
1020 1775 1054 1830 et
1072 1767 1128 1830 ille
1146 1785 1232 1830 unus
1244 1785 1316 1826 rec.

212 1851 296 1936 'Hoc
319 1874 401 1938 enim
422 1878 543 1938 iustum
566 1892 642 1938 esse
664 1894 706 1938 ex
736 1895 847 1938 eorum
877 1877 970 1938 etiem
1000 1874 1176 1952 sententie,
1207 1874 1259 1956 qui
1286 1873 1319 1934 in

220 1971 455 2070 ἀριστοκρατίᾳ
489 1985 705 2066 superioribus
746 1986 888 2065 virtute,
920 1985 949 2044 in
979 1973 1149 2066 ὀλιγαρχίᾳ
1179 1988 1228 2046 eis
1266 1982 1318 2063 qui

221 2092 335 2174 opibus
361 2103 544 2175 praestent,
573 2093 605 2154 in
632 2085 836 2175 δημοκρατίᾳ
864 2107 994 2152 numero
1015 2089 1237 2170 superantibus
1258 2090 1321 2150 im·

222 2204 346 2284 perium
368 2202 469 2266 velint
489 2201 694 2266 cormnittere.
738 2201 808 2262 ’11Ιί
835 2215 913 2279 ergo
940 2197 1031 2259 cives
1060 2214 1173 2277 perere
1202 2193 1321 2258 debent

130 2353 135 2364 .
223 2308 293 2372 viro
300 2324 310 2388 3
333 2327 437 2391 neque
460 2311 543 2374 enirn
565 2309 651 2378 illum
673 2315 729 2372 eut
749 2309 881 2371 eliorum
903 2305 1059 2368 voluntati
1077 2303 1235 2366 subiicere
1251 2300 1322 2364 liei·

226 2423 292 2478 tum
314 2423 366 2478 est
387 2425 443 2478 ent
464 2417 626 2497 expellere
642 2423 698 2478 eut
710 2416 899 2478 interimere.
922 2415 973 2474 Ac
986 2411 1104 2477 dictum
1120 2418 1172 2473 est
1186 2427 1322 2490 regnum

225 2527 301 2600 quot
322 2519 440 2583 hebeat
461 2539 596 2603 genere,
618 2529 652 2582 et
672 2520 787 2602 quibus
811 2518 936 2600 populis
959 2516 1129 2598 conducet,
1151 2523 1184 2576 et
1209 2514 1323 2595 quibus

223 2645 287 2688 non
311 2625 469 2690 conducet
491 2646 625 2710 regnum
647 2627 677 2690 lr.
701 2648 729 2690 e.
752 2627 867 2710 quibus
889 2635 995 2690 status
1017 2625 1216 2706 optimatium
1239 2639 1321 2686 con·

224 2731 308 2796 leret
331 2741 387 2797 out
408 2734 578 2816 populeris.

726 2943 755 3012 i·
777 2939 828 3004 42.

317 3069 364 3117 lte
382 3067 469 3119 llorl
486 3067 532 3121 111.
549 3067 775 3134 integritate,
792 3067 971 3160 ordine‘et
988 3068 1233 3132 dispositione.

310 3199 408 3262 libro
429 3204 524 3264 tertio
546 3201 642 3264 ullum
668 3209 789 3283 portem
811 3187 948 3276 deesse.
961 3204 1171 3263 recentiorum
1187 3196 1326 3277 scripto-

230 3323 300 3368 rum
321 3325 414 3369 nomo
437 3309 572 3388 putavit.
614 3309 730 3392 Neque
752 3309 890 3388 capitum
913 3306 989 3368 ordo
1020 3325 1157 3388 unquam
1187 3310 1328 3367 mutatus

233 3421 297 3491 est,
319 3432 380 3476 nec
400 3415 512 3476 mutari
532 3433 631 3496 posse
653 3413 786 3478 videtur.
828 3415 955 3477 Etenim
984 3431 1024 3476 eo
1050 3432 1132 3494 quae
1158 3413 1191 3474 in
1212 3407 1330 3472 nostris

235 3517 425 3583 editionibus
455 3533 507 3584 est
533 3523 669 3604 capitum
698 3521 800 3584 series
823 3530 856 3584 ct
881 3522 979 3583 rebus
1006 3523 1152 3582 tractetis
1181 3515 1330 3582 convenit

238 3633 271 3689 et
301 3628 433 3708 verbis,
465 3629 579 3710 quibus
610 3629 641 3694 in
672 3629 807 3711 singulis
837 3630 992 3711 capitibus
1022 3644 1104 3709 quoe
1135 3622 1332 3708 praecedunt

238 3743 534 3798 commemorentur.

321 3840 389 3901 lem
410 3839 605 3923 pergendum
626 3845 695 3901 eret
716 3837 758 3902 ud
780 3837 848 3900 libri
870 3840 925 3900 111.
948 3838 1052 3900 linem.
1096 3834 1205 3920 Caput
1225 3843 1331 3900 eutem

240 3948 380 4011 ultimum
402 3967 497 4034 quum
526 3947 770 4029 disputationem
802 3953 943 4008 nostram
974 3945 1113 4010 deducet
1139 3945 1171 4008 in
1197 3943 1332 4008 medium

241 4057 505 4140 controversiam,
527 4065 642 4141 postea
664 4053 882 4139 explicabitur.
917 4054 978 4118 list
998 4064 1105 4119 autern
1126 4055 1209 4118 inter
1229 4049 1335 4115 horni-

241 4184 301 4231 nes
323 4165 438 4230 doctos
460 4165 492 4232 iu
510 4185 549 4230 eo
571 4164 803 4247 controversie,
