3124 4918
707 337 894 398 -np

668 565 845 622 UAPUT
867 564 931 620 11.

354 691 404 752 De
425 686 557 749 oonsilio
575 691 682 764 portia
700 689 832 762 prioris,
858 703 940 765 quoe
963 685 1084 746 Etdieo
1104 689 1245 745 vocatur.

763 849 791 916 §-
817 845 845 908 ³.

339 974 426 1036 Vere
446 973 605 1056 politicus,
629 991 723 1056 quern
748 973 937 1036 Aristoteles
957 971 997 1034 ad
1019 972 1184 1036 seientiam
1208 973 1348 1036 laoulta·

252 1083 527 1166 temque‘eivilem
550 1084 718 1146 informare
739 1083 826 1160 vult,
849 1089 936 1144 oerte
958 1100 1051 1142 nemo
1074 1087 1181 1162 potest
1203 1087 1258 1143 aut
1280 1080 1347 1142 lieri

251 1200 306 1250 aut
328 1208 413 1269 esse,
436 1190 509 1271 quin
531 1201 681 1251 aoourate
691 1189 900 1270 perspexerit,
924 1188 995 1268 quis
1016 1187 1058 1248 sit
1074 1203 1154 1248 suae
1169 1190 1247 1249 artis
1262 1185 1346 1268 linis,

252 1298 270 1358 i.
292 1317 321 1359 e.
345 1297 419 1380 quid
442 1299 485 1360 sit
505 1296 581 1358 illud
596 1315 751 1362 summum
770 1295 821 1356 vel
838 1304 1013 1356 extremum
1030 1295 1182 1356 bonorum
1198 1295 1347 1377 omnium,

251 1407 335 1490 quod
364 1407 424 1468 sibi
451 1407 572 1486 totique
599 1404 793 1484 reipublicae
823 1405 989 1484 acquirere
1020 1401 1125 1464 debet.
1178 1401 1347 1480 Quomodo

252 1513 334 1574 enirn
357 1532 440 1594 quae
462 1514 603 1592 eogitet,
632 1529 715 1592 quae
738 1511 836 1585 volit,
866 1527 948 1591 quae
969 1509 1086 1589 leniat,
1108 1507 1150 1570 ad
1170 1509 1244 1571 illud
1268 1510 1346 1571 ulti-

251 1639 334 1681 mum
358 1621 506 1682 bonorum
532 1619 635 1700 (quod
658 1618 778 1682 Graeoi
799 1614 893 1693 τέλος
914 1621 1074 1682 nominant
1086 1619 1128 1698 ¹))
1153 1621 1290 1696 referat,
1314 1619 1345 1684 id

251 1727 279 1787 si
306 1727 379 1809 quid
406 1736 438 1788 et
466 1729 560 1807 quale
586 1729 629 1788 sit
657 1725 807 1794 neseiat?
857 1727 1132 1805 Quemadmodum
1162 1735 1271 1791 autem
1301 1729 1343 1810 ei,

251 1835 307 1913 qui
329 1852 407 1894 vere
424 1834 572 1913 politioen
589 1835 656 1894 vult
670 1832 828 1913 factitare,
850 1833 988 1914 inprimis
1005 1832 1168 1896 sciendum
1184 1840 1247 1914 est,
1269 1833 1344 1916 quid

250 1943 291 2000 sit
315 1940 391 2000 illud
405 1942 490 2022 quod
504 1944 724 2023 persequiturt
747 1944 789 2005 ita
805 1951 838 2005 et
854 1945 906 2024 qui
926 1944 1071 2006 seribere
1087 1945 1158 2006 vult
1172 1931 1343 2026 πολιτικήν

250 2043 476 2131 πραγματείαν
496 2048 536 2111 ad
559 2049 751 2112 erudiendos
771 2050 1007 2131 adulescentes,
1030 2052 1060 2112 ei
1083 2053 1217 2133 primum
1240 2069 1346 2133 quae-

249 2155 378 2216 rendum
400 2174 439 2218 ao
460 2157 636 2219 docendum
660 2167 729 2233 ost,
759 2157 832 2240 quid
853 2159 895 2219 sit
917 2175 1072 2220 summurn
1096 2160 1229 2240 bonum,
1261 2158 1345 2242 quod

249 2271 284 2324 ut
305 2265 398 2326 linem
420 2252 441 2347 ἦ
462 2253 614 2350 πολιτική
635 2253 770 2344 δύναμις
791 2275 931 2347 expetat.
981 2267 1030 2329 lia
1054 2269 1135 2330 enim
1160 2272 1348 2350 quaestione

252 2372 393 2452 omissa,
421 2372 472 2453 qui
498 2371 538 2432 de
560 2372 695 2453 politicis
716 2373 857 2434 seribere
878 2374 1075 2455 institueret,
1105 2375 1188 2438 idem
1210 2375 1346 2459 faceret,

251 2483 340 2544 acsi
362 2483 435 2564 quis
457 2482 497 2543 de
519 2482 713 2545 medicorum
736 2491 805 2545 arte
825 2493 978 2546 aoourate
1007 2503 1169 2565 exponere
1196 2485 1294 2546 vellet
1316 2493 1349 2546 et

249 2591 346 2652 totius
373 2591 466 2671 quasi
493 2587 732 2652 fundamentum
763 2587 985 2671 disputationis
1004 2592 1284 2674 investigationem
1307 2590 1347 2654 de

250 2696 333 2758 bona
354 2694 537 2758 valetudine
559 2695 761 2778 relinqueret.
785 2695 877 2774 Quod
896 2715 993 2776 quum
1008 2697 1125 2778 optime
1140 2705 1344 2778 perspectum

180 2872 186 2882 1
249 2801 383 2866 haberet
404 2803 607 2882 Aristoteles,
630 2810 705 2864 ante
726 2820 819 2882 quam
844 2801 884 2864 de
904 2804 983 2884 ipsis
1003 2804 1141 2890 politiois
1159 2805 1343 2884 inquireret,

249 2929 313 2970 nou
336 2909 462 2990 quidem
485 2917 520 2970 ut
550 2912 603 2990 qui
634 2909 781 2990 legerent
802 2907 948 2987 politicen
973 2911 1111 2990 seirent,
1135 2911 1195 2972 sed
1217 2919 1252 2973 ut
1272 2931 1343 2974 eam

250 3015 337 3079 dooti
364 3019 599 3098 factitarentD,
624 3023 720 3098 finem
747 3011 807 3098 τῆς
827 3011 996 3096 πολιτικῆς
1018 3021 1038 3076 τ’.
1062 3037 1088 3077 e.
1111 3037 1270 3080 suanorum
1290 3020 1348 3078 do-

248 3151 362 3193 norum
383 3135 521 3192 omnium
541 3149 622 3192 soree
641 3132 810 3191 obscurum
832 3131 864 3187 et
882 3145 903 3186 α
923 3124 1033 3186 multia
1059 3128 1239 3202 ignoratum
1264 3126 1346 3187 illu-

247 3246 355 3301 strare
374 3241 497 3300 studuit
514 3243 549 3300 in
569 3239 709 3300 [dilatala.

315 3346 483 3397 denotatio.
516 3347 546 3396 lu
564 3345 664 3396 Ethlols
681 3345 708 3394 ld
726 3343 810 3394 lulasa
828 3343 970 3396 Aristoteli
993 3343 1177 3406 propendunt,
1204 3346 1234 3392 ut
1256 3339 1345 3403 expll-

314 3444 390 3488 oaret
406 3439 447 3501 τῆς
463 3437 586 3501 πολιτικῆς
603 3437 682 3486 tinem
701 3435 718 3485 i.
736 3450 759 3486 e.
776 3447 906 3484 summum
925 3435 1055 3485 bonorum
1074 3435 1270 3496 humanorum,
1296 3435 1345 3482 de·

315 3533 449 3579 monstrat
466 3527 620 3578 titulooru·
640 3526 823 3590 prooemium,
841 3526 863 3575 l.
882 3525 1037 3576 Ettrlaorum
1056 3525 1118 3575 llbrl
1137 3529 1194 3576 tota
1214 3524 1344 3588 quaestio,

314 3620 343 3670 ln
360 3618 472 3682 reliquls
490 3618 565 3668 llbrla
583 3618 735 3680 dtaputandl
753 3618 841 3681 ratlo,
860 3621 1026 3668 demonstrat
1044 3617 1200 3668 Ethiooruur
1218 3615 1344 3680 epilogus

315 3724 348 3762 ao
365 3711 541 3762 Politieoruru
558 3711 623 3762 libri
642 3711 700 3762 v11.
719 3709 821 3760 iuitlum
840 3710 951 3774 alasque
969 3721 1027 3772 eap.
1045 3709 1117 3758 xlll.
1156 3709 1250 3771 Neque
1276 3719 1342 3757 vero

315 3802 413 3866 ignoro
436 3803 518 3855 altam
543 3804 576 3852 de
601 3802 757 3852 Ethioorurn
782 3801 900 3852 oonalllo
921 3799 1081 3852 senteutlam
1105 3813 1214 3862 eamque
1235 3799 1269 3848 ab
1292 3797 1342 3848 llla

318 3894 395 3942 valm
412 3894 607 3958 increpantem
625 3893 668 3943 rltu
687 3893 794 3955 lateque
811 3903 874 3943 ease
891 3891 1023 3942 diffusam.
1042 3889 1179 3942 Detluluut
1194 3889 1262 3940 enlm
1277 3900 1347 3940 oon·

267 4083 301 4150 t)
319 4083 376 4135 cle.
394 4087 427 4136 de
444 4086 491 4142 lla.
509 4089 530 4138 1.
551 4087 595 4139 ta.

264 4178 297 4244 Β)
315 4178 373 4230 Ettr.
390 4177 451 4230 Nlo.
469 4181 491 4236 l.
509 4179 594 4244 1311.
612 4181 646 4242 t3
662 4182 695 4234 x.
714 4183 742 4234 9.
760 4185 789 4233 et
807 4181 851 4234 10.
870 4187 922 4234 eto.
