3118 4914
595 325 874 402 .-ns-'

260 519 264 526 ’
286 526 326 586 n.
357 521 442 598 (καὶ)
461 519 548 596 τίνες
569 510 710 606 ἑκάστης
730 514 899 594 πολιτείας
922 509 1073 604 φθοραί
1086 513 1141 580 καὶ
1163 511 1199 580 ἐκ
1222 512 1327 580 ποίοιν

221 620 272 701 εἰς
291 623 391 703 ποίας
410 617 553 710 μάλιστα
573 621 802 708 μεθίστανται,

279 740 334 802 111.
357 729 423 810 (ἔτι
444 733 497 812 δὲ)
519 730 678 821 σωτηρίαι
698 729 859 809 τίνες-καί
880 731 969 818 κοινῇ
989 729 1044 796 καὶ
1064 728 1165 819 χωρίς
1186 720 1326 817 ἑκάστης

225 836 316 921 εἰσίν,
971 913 976 918 ,

281 953 338 1015 tv.
360 943 426 1028 (ἔτι
441 948 495 1029 dd]
518 940 574 1014 uad
594 947 689 1014 τίνωο
710 941 750 1015 dr
765 939 908 1032 psittaco
919 938 1057 1026 σοίζοιτο
1069 943 1134 1010 τῶν
1151 941 1326 1010 πολιτειῶν

223 1048 358 1144 ἑκάστη.

306 1163 478 1234 Exorditur
499 1180 605 1234 nutem
629 1179 728 1233 totum
748 1170 991 1253 disputationem
1010 1171 1065 1247 ita,
1080 1178 1115 1232 ut
1136 1167 1324 1230 seditionum

221 1281 359 1339 omnium
383 1285 414 1338 et
439 1277 718 1339 commutationum
742 1286 840 1358 caput
863 1295 902 1339 uc
923 1275 1044 1338 iontem
1067 1263 1321 1358 investigetis.

224 1387 340 1464 iustum
369 1400 431 1447 non
459 1386 645 1467 simpliciter
673 1379 814 1461 (δίκαιον
845 1373 1049 1470 ὀίηαρχικόν
1070 1395 1103 1447 et
1124 1379 1324 1468 dppoupcu-

221 1480 293 1568 ndu)
314 1493 399 1568 (Pol.
423 1492 465 1554 V.
487 1494 540 1565 i·.).

227 1641 231 1646 -
303 1602 327 1661 1.
350 1599 602 1680 Quamprimum
620 1598 785 1663 dicendum
807 1601 859 1684 sit,
873 1599 987 1683 quibus
1003 1597 1043 1662 de
1066 1599 1176 1664 causis
1198 1617 1324 1662 rerum·

219 1709 417 1790 publicorum
440 1705 561 1770 formes
582 1715 816 1771 commutentur
847 1717 879 1772 ot
908 1717 984 1791 quot
1004 1709 1068 1771 sint
1092 1715 1123 1768 et
1145 1707 1268 1787 quales,
1291 1707 1323 1768 iu

220 1795 406 1878 universum
429 1815 582 1896 principio
604 1815 727 1896 colligit
756 1825 789 1878 et
818 1818 908 1898 quusi
930 1817 1100 1896 primordia
1121 1801 1248 1898 (ἆρχίς,
1269 1805 1325 1875 ui-

219 1915 310 1996 τίας)
348 1922 488 1984 civilium
523 1922 803 1985 commutationum
841 1933 874 1986 et
908 1922 1173 1986 vicissitudinum.
1241 1922 1325 1984 Sunt

222 2038 329 2094 notem
348 2030 424 2094 trior
987 2033 990 2038 ’

300 2157 329 2200 a.
354 2134 522 2214 Quomodo
539 2138 582 2196 se'
593 2134 731 2198 habeant
748 2135 777 2196 ei
798 2128 887 2207 (πῶς
903 2123 1119 2217 dignoscet-qui
1132 2135 1321 2202 seditionem

220 2240 395 2308 moveant?

302 2352 331 2414 b.
350 2353 460 2442 ,Quum
482 2354 528 2422 ob,
545 2371 677 2418 causum
698 2347 809 2429 (τίνων
829 2344 976 2425 tusum?
1014 2423 1017 2430 ,
1318 2425 1320 2430 ,

232 2513 237 2525 .
300 2479 326 2526 ο.
349 2459 442 2538 Quen
465 2451 531 2522 sint
557 2453 709 2541 principie
741 2445 870 2542 (ἂρχαί)
899 2453 1091 2520 seditionum
1119 2455 1152 2518 et
1181 2455 1321 2518 civilium

208 2565 519 2650 perturbationum?
575 2607 578 2612 ,

211 2753 212 2756 ,
305 2691 369 2772 Qui
391 2689 580 2752 seditionem
604 2697 754 2752 moveant
777 2697 810 2750 ot
831 2687 956 2770 quales,
979 2685 1041 2750 iem
1063 2705 1132 2768 cup.
1154 2687 1177 2748 Ι.
1201 2679 1321 2749 dictum

218 2807 277 2866 est.
326 2796 499 2860 Moliootur
522 2797 605 2860 enim
625 2797 814 2860 seditionem
838 2796 902 2878 olii,
925 2805 959 2858 ut
980 2799 1096 2859 ceteris
1117 2796 1240 2860 civibus
1261 2815 1321 2858 ne-

219 2915 338 2990 quent,
369 2905 425 2968 aiii
447 2915 482 2968 ut
502 2907 652 2988 praesint.
672 2939 715 2952 -
755 2892 859 2970 Cives
883 2913 991 2968 autem
1011 2905 1091 2966 inter
1111 2924 1149 2967 se
1170 2904 1322 2967 dissident

218 3023 274 3079 sut
302 3014 380 3077 lucri
412 3010 577 3100 (κέρδους)
609 3023 664 3076 out
689 3015 817 3077 honoris
842 3011 970 3099 (τιμῆς)
1002 3026 1057 3077 eut
1083 3033 1192 3078 eorum
1222 3001 1321 3076 censs

219 3139 299 3203 quse
323 3123 370 3184 eis
391 3131 465 3184 suot
487 3121 832 3187 centenum-Rerum
855 3129 961 3184 eutem
980 3123 1224 3184 conversionum
1243 3141 1320 3202 por-

220 3228 494 3316 turbstionumque
527 3228 680 3309 principia
710 3215 743 3290 et
772 3226 943 3310 primordia
971 3211 1174 3290 numerentur
1195 3236 1320 3309 septem

219 3343 277 3398 eut
298 3337 395 3416 plum.
418 3331 489 3398 Duo
510 3336 572 3399 ium
595 3345 845 3401 commemorate
865 3325 953 3418 sunt,
967 3335 1050 3398 unde
1070 3336 1190 3398 invidio
1210 3335 1319 3414 oritur,

218 3442 301 3505 bons
323 3450 357 3505 et
376 3442 533 3522 honores3
552 3441 665 3505 deinde
686 3441 864 3506 offeruntur
881 3430 988 3527 ὕβρις,
1009 3428 1139 3526 φόβος,
1160 3427 1318 3524 ὑπεροχή,

215 3536 647 3636 καταφρόνησις,αίίξησις,ἦ
658 3540 750 3635 παραὶ
765 3540 804 3614 τὸ
820 3537 1319 3635 ἇιαλόηον,.ἐριθοία,ὀληωρία,

215 3644 382 3742 μικρότης.
404 3658 582 3740 Dequihus
604 3661 743 3740 singuiis
763 3679 860 3742 quum
884 3661 1016 3725 uberius
1036 3658 1229 3738 disputatur,
1251 3665 1317 3720 tum

216 3764 419 3846 proferuntur
441 3767 587 3846 exemplu
606 3767 691 3842 (ΡοΙ.
714 3768 756 3829 V.
779 3768 816 3832 2..
832 3766 864 3829 ³.
886 3770 942 3842 4.).

299 3887 342 3948 11.
365 3887 538 3968 Deinceps,
553 3899 586 3950 ut
608 3899 675 3952 eret
697 3891 906 3973 propositum,
920 3892 1136 3974 quaerendum
1158 3903 1221 3974 est,
1235 3893 1319 3956 civi-

217 3999 327 4064 tatium
344 4017 465 4080 genero
487 3997 601 4080 quibus
624 4000 721 4063 rebus
741 4001 955 4083 depraventur
972 4015 1004 4066 et
1025 4021 1105 4086 quos
1119 4003 1318 4086 potissimum

215 4109 247 4174 in
275 4109 572 4190 rerumpublicarum
604 4109 716 4174 modos
746 4109 893 4194 quodque
920 4121 1133 4175 convertatur.
1176 4111 1317 4174 Primum

212 4217 311 4302 igitur
340 4211 557 4304 δημοκρατίαι
589 4222 773 4304 pierumque
802 4221 1024 4303 perturbantur
1044 4241 1101 4303 per
1123 4239 1192 4300 eos,
1213 4215 1319 4304 quiin
