3118 4914
237 522 297 607 piis
320 522 497 595 navalibus.
540 520 686 604 Denique
706 517 749 584 ad
769 517 988 602 quaestionem
1009 516 1051 580 de
1071 516 1251 580 bominibus
1280 535 1334 578 re·-

216 616 217 620 ¹
236 647 367 709 versus,
390 631 500 712 quales
522 635 670 709 optentur
692 635 725 690 et
746 626 946 707 requirantur
968 625 1146 689 adumbrat.
1175 623 1226 688 Ad
1249 625 1335 706 opti·

238 755 321 801 nram
350 739 445 821 igitur
472 735 694 818 rempublicam
716 751 792 796 esse
820 732 875 798 vel
897 733 1035 796 maxime
1055 732 1202 796 idoneam
1225 730 1335 796 Gree-

236 864 346 910 corum
379 853 530 928 gentem,
564 864 647 928 quae
679 851 711 905 et
740 842 888 906 iracunda
920 842 963 904 sit
990 849 1023 904 et
1047 851 1155 904 mente
1183 840 1335 922 praedita.

235 956 386 1036 Europes
420 956 502 1018 euim
535 954 656 1016 incolas
689 953 755 1016 irae
786 953 914 1036 quidem
945 969 1021 1014 esse
1049 952 1186 1034 plenos,
1220 949 1336 1024 mentis

236 1071 341 1124 eutem
372 1069 533 1141 expertos.
577 1059 641 1141 Qui
671 1061 701 1120 in
734 1061 818 1122 Asia
848 1057 1008 1139 habitent,
1031 1075 1089 1120 ees
1115 1073 1192 1122 esse
1222 1055 1336 1118 mentia

238 1167 423 1248 participes,
447 1167 594 1246 iraejuon
617 1165 691 1228 item
714 1165 800 1235 (Pol.
822 1165 896 1228 Vll.
918 1163 1038 1240 44).

322 1272 382 1332 Eis
404 1271 500 1334 rebus
521 1271 689 1352 expositis,
712 1287 840 1353 quarum
863 1269 1010 1332 effectrix
1032 1270 1159 1333 fortuna
1176 1275 1210 1332 et
1224 1276 1337 1333 natura

237 1386 299 1458 est,
317 1377 471 1460 deinceps
491 1378 657 1441 dicendum
675 1385 737 1456 est,
757 1377 828 1460 quid
846 1385 1009 1460 praestare
1026 1376 1191 1460 legislator
1208 1376 1335 1456 debeat,

227 1493 273 1547 'ut
294 1485 473 1565 respublica
493 1476 614 1548 evadet
636 1489 763 1568 optima.

339 1776 459 1842 optima
473 1779 642 1842 respublica
659 1780 798 1846 puoroodo
816 1794 835 1830 o
853 1778 1021 1844 lepistotore
1039 1778 1237 1830 constituatur

239 1864 265 1934 (ἢ
282 1870 396 1920 πολιτεία
411 1865 426 1934 ἦ
443 1865 550 1938 ἆρίστη
568 1868 638 1932 (τίνα
660 1872 754 1932 πέφυκε
774 1871 888 1936 γίνεσθαι
913 1865 1022 1939 τρόπον)
1045 1870 1094 1924 καὶ
1112 1869 1337 1918 καθίστασθαι

643 1967 717 2020 πῶς.
735 1965 791 2014 ror.
809 1965 856 2020 ιιι.
875 1963 945 2030 re).

734 2118 761 2186 S.
785 2113 834 2175 tt.

596 2246 634 2294 lle
650 2242 769 2294 civitatis
786 2242 975 2307 descriptione.

328 2354 557 2435 Quaestionem
582 2355 624 2418 de
652 2355 872 2419 constituenda
900 2357 1019 2436 optima
1043 2357 1174 2420 civitate
1196 2357 1240 2418 ita
1261 2373 1338 2436 par-⁴

240 2465 335 2540 titur,
367 2471 400 2524 ut
427 2463 546 2526 civium
574 2464 626 2524 vel
658 2463 799 2526 civitatis
831 2464 1077 2546 descriptionem
1109 2467 1195 2548 prius
1217 2483 1338 2548 propo·

239 2578 306 2651 nat,
330 2569 444 2634 deinde
466 2573 560 2636 urbis.
604 2572 781 2638 Civitatem
801 2575 900 2660 igitur
920 2575 974 2658 qui
997 2575 1179 2641 describere
1200 2587 1234 2642 et
1255 2596 1339 2642 con·

240 2679 374 2744 stituere
395 2684 476 2763 vult,
498 2688 529 2746 ei
550 2702 706 2765 quaenam
734 2685 803 2748 eius
818 2687 881 2748 siut
897 2691 1005 2766 partes
1021 2687 1152 2767 primum
1170 2685 1338 2750 sciendum

240 2797 301 2854 ert.
343 2791 460 2872 Neque
481 2793 563 2856 enim
586 2811 708 2875 omnes,
729 2793 844 2874 quibus
865 2794 972 2856 civilis
993 2794 1204 2856 communitas
1226 2811 1339 2857 cerere

240 2895 367 2978 quidem
390 2917 452 2960 uon
474 2907 595 2980 potest,
616 2900 689 2963 ideo
711 2901 784 2963 cius
805 2901 884 2963 socii
905 2894 1082 2974 (κοινωνοί)
1106 2899 1243 2962 habendi
1256 2909 1339 2964 sunt.

243 3005 399 3087 Quisquis
427 3007 522 3086 igitur
550 3008 689 3087 optimae
717 3008 858 3070 civitatis
879 3006 974 3070 tinem
996 3009 1111 3084 (vitem
1135 3010 1260 3072 beatam
1283 3025 1341 3070 se-

244 3112 381 3176 cundum
397 3115 563 3186 virtutem]
577 3119 730 3196 consequi
741 3122 858 3198 potest,
881 3115 1022 3180 civitatis
1044 3116 1071 3179 is
1091 3117 1250 3198 particeps
1275 3126 1341 3183 ests

242 3223 295 3304 qui
318 3241 379 3284 nou
401 3229 526 3304 potest,
557 3225 703 3304 quemvis
730 3231 765 3286 ut
792 3241 865 3287 eum
892 3223 934 3288 ad
965 3224 1057 3287 linem
1080 3225 1131 3288 alii
1153 3229 1343 3306 perveniant

241 3333 448 3394 necessarius
470 3335 514 3394 sit
534 3340 684 3414 tanquam
713 3335 951 3398 instrumentum
979 3323 1035 3408 (ιό
1062 3321 1180 3397 τούτου
1208 3327 1341 3415 ἕνεκεν),

240 3452 346 3505 tamen
374 3439 569 3522 reipublicae
589 3457 664 3521 pars
694 3460 757 3502 nou
787 3449 847 3504 est.
897 3441 964 3503 lem
994 3448 1027 3502 ut
1055 3439 1275 3524 perspiciatur,
1299 3459 1341 3504 ex

240 3547 399 3613 bominum
413 3551 585 3632 generibus
604 3568 760 3632 quaenam
776 3552 810 3612 in
830 3547 970 3612 civitatis
995 3550 1136 3630 partibus
1160 3549 1341 3631 reponenda

242 3659 322 3739 sint,
355 3659 386 3722 in
414 3660 596 3723 universum
626 3659 808 3739 quaeritur,
839 3675 923 3738 quae
951 3675 1073 3739 genera
1100 3667 1132 3720 et
1163 3645 1240 3738 quo't
1270 3659 1335 3721 rei-

246 3767 390 3847 publicae
410 3770 474 3832 siut
493 3767 617 3830 omniuo
636 3769 831 3829 necessaria.
875 3765 970 3844 Quod
991 3765 1116 3848 quidem
1137 3769 1343 3852 cognoscitur

245 3893 287 3936 ex
308 3877 407 3937 variis
429 3877 587 3956 operibus.
621 3875 704 3938 Sunt
724 3875 819 3956 igitur
839 3875 1013 3958 agricolae,
1036 3873 1189 3958 ortilices,
1213 3878 1341 3960 milites,

244 3982 374 4062 dlvites,
389 3983 586 4066 secerdotes,
597 3985 675 4046 iuris
688 3982 919 4064 disceptatores
932 3977 1056 4068 [κριταὶ
1068 3979 1132 4046 τῶν
1143 3973 1343 4066 ἀναγκαίων)

244 4097 414 4153 senatores
428 4085 553 4174 [κριταὶ
565 4085 628 4152 τῶν
640 4077 882 4174 συμφερόντων,
893 4086 1124 4170 βουλευτικοί).
1155 4094 1207 4156 llx
1229 4093 1343 4175 quibus
1451 4157 1454 4169 .

245 4197 391 4264 omuibus
419 4199 543 4280 quinam
575 4200 606 4262 io
637 4200 756 4264 civium
785 4217 947 4264 numerum
980 4201 1152 4281 recipiendi
1181 4199 1280 4268 sarit?
1311 4211 1344 4263 et
