3124 4918
673 333 798 400 ..ug
838 367 879 382 .-

215 517 420 582 constituitde
466 521 587 600 optlma
608 519 770 600 republica
806 515 855 594 (id
867 516 951 601 quod
966 527 1099 602 supras.
1119 517 1165 582 1³.
1178 519 1311 582 ¹lacien-

209 627 281 691 dum
303 628 333 690 ei
361 647 437 690 esse
458 629 769 711 demonstravimus,
802 629 862 691 nisi
883 636 979 690 totam
1012 615 1181 712 πολιτικῆν
1201 647 1310 712 πραγ-

208 731 346 818 ματείαν
362 738 543 799 inchoatam
558 738 735 819 relinquere
746 739 869 807 vellet).
893 736 1059 813 bliautem,
1074 735 1178 818 quide
1193 738 1311 818 optima

209 846 373 927 republica
404 844 649 924 disputationem
680 844 877 918 institueret,
913 842 1028 925 quibus
1059 841 1100 904 de
1127 842 1222 904 rebus
1258 841 1310 903 di·

210 953 344 1016 cendum
367 960 476 1031 esset,
499 952 645 1032 ignorare
668 950 847 1032 aequalium
870 969 963 1011 nemo
984 951 1106 1030 potuit,
1143 948 1202 1010 nisi
1223 947 1309 1030 quod

211 1056 252 1122 de
275 1056 387 1120 eedem
410 1075 445 1118 re
466 1060 590 1137 priores
622 1058 843 1138 scripsissent,
865 1061 1013 1119 nesciret
1053 1057 1139 1118 Nam
1161 1057 1253 1119 Plato
1277 1065 1310 1120 et

209 1163 261 1226 alii
282 1167 314 1226 in
336 1163 423 1224 libris
445 1161 486 1225 de
508 1163 625 1244 optimu
641 1165 804 1244 republica
821 1183 884 1225 non
897 1161 991 1226 modo
1005 1161 1225 1246 ostenderunt,
1238 1164 1308 1226 eius

212 1269 336 1350 quinam
359 1275 450 1330 esset
471 1277 574 1330 status
595 1277 650 1330 aut
678 1289 735 1349 per
757 1287 838 1351 quos
859 1266 1033 1350 regendus,
1068 1287 1181 1331 verum
1213 1268 1309 1330 etiam

209 1373 286 1456 quid
302 1375 541 1456 essetoptimae
556 1375 750 1455 reipublicae
766 1377 981 1464 propositum,
999 1375 1195 1456 explicarunt
1216 1375 1309 1456 eique

210 1483 303 1563 leges
340 1480 619 1543 accommodarunt
648 1483 802 1562 optimas,
839 1480 1048 1563 dixeruntque
1084 1479 1125 1542 de
1159 1499 1309 1563 agrorum

207 1587 445 1666 distributione,
478 1587 518 1649 da
550 1607 718 1669 puerorum
748 1587 946 1670 educatione,
970 1589 1042 1653 aliis
1065 1591 1172 1652 rebus.
1216 1587 1307 1666 Quas

211 1704 316 1758 autem
340 1713 405 1776 res,
435 1697 488 1776 qni
508 1697 629 1775 priores
652 1695 692 1757 do
714 1700 833 1776 optima
862 1699 1023 1779 republica
1043 1699 1224 1780 scripsere,
1247 1697 1309 1758 aibi

209 1799 391 1863 tractandas
426 1810 650 1882 sumpserunt,
696 1803 827 1864 easdem
850 1803 962 1866 eadem
997 1803 1038 1868 de
1070 1825 1106 1867 re
1141 1804 1307 1886 disputans

207 1909 356 1970 tractabit
377 1908 471 1970 etiam
496 1911 702 1991 Aristoteles,
733 1911 827 1972 modo
850 1930 889 1972 ea
912 1913 1102 1994 exceperis,
1133 1931 1214 1994 quae
1238 1913 1302 1974 iam

206 2014 469 2078 antecedentibus
503 2015 689 2078 llthicorum
718 2017 804 2078 libris
833 2028 866 2080 et
898 2023 999 2099 prima
1028 2017 1068 2080 de
1099 2019 1307 2082 diiudicandis

206 2123 433 2204 rebuspublicis
462 2121 677 2202 disputatione
704 2124 885 2191 absolverit.
927 2125 1032 2190 Recte
1056 2127 1139 2190 idem
1167 2147 1227 2190 nos
1246 2148 1309 2190 ex·

204 2240 392 2312 spectamus
422 2251 518 2315 quum
544 2233 730 2314 praesertim
747 2233 1033 2296 demonstraturum
1052 2253 1090 2298 se
1110 2235 1309 2316 polliceatur,

209 2339 405 2421 singularum
442 2339 743 2421 rerumpublicarum
776 2341 879 2422 qualia
909 2341 973 2404 sint
1002 2343 1165 2426 instituta,
1203 2343 1309 2425 leges,

207 2464 325 2524 mores,
342 2447 530 2529 disciplinae
546 2441 615 2522 (ucri
629 2443 702 2522 πῶς
717 2435 837 2534 ἑκάστη
850 2449 1016 2528 ταχθεῖσα
1036 2445 1092 2512 καὶ
1111 2443 1179 2512 τίοι
1196 2437 1309 2530 νόμοις

205 2547 259 2614 καὶ
281 2543 378 2615 ἔθεσι
390 2549 565 2645 χρωαὲνη].
596 2557 687 2634 Quae
715 2559 915 2636 exspectatio
936 2557 1067 2618 fallatne
1088 2575 1146 2618 nos
1169 2578 1209 2620 an
1232 2579 1305 2633 noo,

207 2661 400 2740 videbimus.
418 2659 1143 2746 Goettlingium¹Jcertesiaudimus,lallemur.
1169 2664 1305 2728 ol’btlo-

203 2769 339 2850 sopbum
353 2769 543 2850 reipublicae
559 2770 697 2850 optimae
712 2770 916 2850 exemplario
931 2767 1069 2832 medium
1083 2771 1307 2850 prolaturum«,

205 2886 313 2959 negat.
329 2877 372 2938 At
388 2895 466 2937 vero
479 2877 508 2938 in
521 2885 747 2957 promptusunt
761 2877 792 2938 in
803 2876 893 2938 libris
902 2875 1108 2938 Politicorum
1117 2876 1191 2958 loci,
1201 2879 1253 2961 qui
1264 2878 1306 2942 de

207 2984 326 3064 optima
347 2983 509 3066 republica
523 2985 715 3065 propositam
728 3002 805 3045 esse
819 2983 1038 3064 quaestionem
1060 2983 1211 3054 indicant.
1233 2987 1306 3050 Ve-

155 3147 156 3154 ,
205 3093 285 3156 luti:
320 3091 387 3156 Pol.
416 3094 457 3156 11.
488 3091 515 3152 1.
557 3079 644 3152 Ἐπεὶ
674 3087 711 3154 δὲ
741 3077 995 3175 προαιρούμεθα
1023 3089 1196 3178 θεωρῆσαι
1228 3088 1330 3180 περὶ·

204 3195 265 3283 τῆς
285 3192 452 3272 κοινωνίας
471 3193 530 3282 τῆς
551 3193 729 3280 πολιτικῆς,
756 3183 781 3280 ἢ
800 3191 956 3281 κρατίστη
979 3195 1094 3261 πασῶν
1113 3201 1184 3274 τοῖς
1204 3199 1305 3263 δονα-

204 3302 317 3386 μένοις
345 3301 404 3389 ζῆν
424 3293 477 3367 ὅτι
505 3294 654 3386 μάλιστα
671 3295 741 3368 κατ’
764 3292 962 3390 εὖχήν,’κτλ.
984 3311 1052 3373 Pol.
1067 3313 1120 3374 ΙΙΙ.
1146 3313 1192 3376 18.
1214 3313 1306 3374 Διω-

75 3411 78 3420 '
207 3407 368 3496 ριομένων
402 3407 439 3474 δὲ
475 3400 598 3475 τοτ’των
644 3407 723 3498 περὶ
757 3409 815 3499 τῆς
835 3409 1011 3490 ’πολιτείας
1038 3405 1102 3502 ἤδη
1130 3413 1308 3501 πειρατέον

205 3519 309 3604 λέγειν
328 3517 388 3606 τῆς
406 3509 544 3607 ἀρίστης
563 3514 636 3583 τίνα
657 3519 786 3609 πέφυκε
807 3519 957 3606 γίνεσθαι
978 3515 1101 3611 τρόπον
1122 3523 1176 3588 καὶ
1204 3523 1306 3592 καθί-

203 3632 350 3695 στασθαι
360 3625 442 3702 παῖς.
463 3631 579 3713 Neque
596 3639 701 3694 tamen
716 3635 875 3698 eiusmodi
889 3635 968 3700 locis
983 3635 1167 3698 dissolvitur
1179 3615 1305 3718 id‘quod

203 3761 299 3824 supra
320 3741 541 3822 probavimus,
569 3741 775 3804 Politicorum
796 3743 883 3805 libris
907 3743 948 3805 de
970 3743 1130 3823 republica
1152 3745 1305 3826 simplici-

205 3860 254 3914 ter
276 3851 502 3930 Aristotelem,
535 3869 597 3912 non
627 3849 668 3912 de
698 3851 817 3931 optima
846 3850 948 3912 solum
980 3849 1144 3913 dicturum.
1186 3853 1305 3938 Neque

205 3957 287 4022 enim
311 3965 376 4018 toto
393 3975 500 4038 opere,
520 3955 578 4019 sed
601 3965 692 4038 parte
713 3958 848 4040 quadam
870 3958 911 4022 de
935 3957 1053 4042 optima
1074 3959 1142 4044 agit
1163 3961 1306 4046 civitate,

218 4107 527 4124 Μ

222 4179 255 4246 l)
278 4177 428 4245 Goettllng.
446 4177 531 4232 Arist.
548 4179 607 4234 Pol.
624 4179 687 4234 libri
704 4179 777 4234 vttl.
795 4181 881 4232 lenae
900 4179 1304 4250 tueatnssproetatvatn.
